1752 3042
323 244 388 294 28
538 239 947 299 VARIETAS
984 246 1421 297 LECTIONIS

319 378 376 389 -
406 357 550 400 SicF.
564 360 652 402 Pa.
673 358 756 400 Pc.
777 375 877 401 cum
897 363 952 401 al.
1009 361 1130 403 Ibid.
1149 359 1309 415 ἐθέλωσι)
1337 364 1464 402 θέλωσι
1486 361 1632 404 Areh.¹

326 410 478 455 Vina&
540 416 571 455 l.
600 419 662 456 13.
683 415 770 469 δύο)
793 416 864 457 Sic
880 418 936 457 F.
961 431 1058 457 eum
1087 417 1205 464 aliis,
1233 419 1310 457 sed
1327 430 1519 469 superne
1536 417 1600 458 δύω
1615 432 1628 458 :

319 474 364 509 et
381 469 443 509 Sic
457 471 486 510 l.
504 485 566 521 17.
582 469 756 510 iterum·
812 469 932 512 Ibid-
954 470 1124 525 ἕκοέτερσν)
1146 475 1302 523 ἕκκτέρων
1311 471 1454 513 ΑῙὌῘΙ.
1514 473 1544 512 l.
1564 474 1627 513 15.

318 528 483 566 Βασιλέων
507 532 756 565 constanter
778 527 834 567 F.
861 534 903 566 et
927 527 1029 566 dein
1049 530 1232 578 Βκσιλέκς,
1260 534 1309 567 ut
1333 533 1448 567 ante.
1503 525 1626 568 Ibid.

316 583 497 621 βασιλεῦσι
512 580 660 621 Arch.
681 582 733 621 V
730 579 826 622 ind.
842 582 953 622 Ask.
977 583 1064 633 [F.
1075 579 1266 631 Paris]
1290 583 1428 622 bene:
1454 587 1496 621 et
1519 595 1626 625 mox

319 635 389 682 [c.
409 636 478 685 58,
496 639 561 685 2.]
586 638 749 676 denuo.
777 641 944 687 βασιλῇσι
969 644 1109 678 antea.
1180 637 1209 676 l.
1232 639 1298 677 ι6.
1313 636 1496 690 ἀλφίτων)
1519 639 1638 684 ἄλφι--

315 691 394 728 τέων
410 688 525 730 Ask.
580 691 609 730 l.
634 693 696 731 18.
716 692 825 731 τώυτό
837 689 857 742 )
875 696 996 732 τωῦτέο
1016 690 1149 732 idem.
1165 714 1219 724 —-
1246 691 1406 733 Nescio
1432 705 1539 731 vero
1565 705 1624 733 an

314 742 465 784 Arch.
488 744 609 794 (non
627 744 772 798 Ask.)
793 745 984 786 scribere
1002 747 1199 787 voluerit
1224 749 1373 788 Wess.
1436 748 1466 787 l.
1487 751 1551 789 23.
1583 747 1623 791 ἢν

314 798 367 843 μή
385 816 443 848 περ
472 800 491 839 o‘
512 799 655 853 πατνῖρ)
682 800 718 843 ἢν
741 802 761 843 ri
782 800 889 850 μήτηρ
911 801 932 842 ἢ
950 803 969 842 o‘
991 803 1103 853 πατνῖρ
1123 803 1221 842 cod.
1238 803 1382 844 Elon.
1397 809 1440 843 et
1465 802 1625 842 Valla.

315 854 369 892 In
384 853 532 893 Arch.
552 855 588 897 ἣν
603 856 652 898 m}
673 855 692 894 ὅ
711 855 836 904 πατήρ.
850 877 899 884 -
922 857 1164 910 Vulgarum
1179 864 1298 898 tenet
1311 859 1368 899 F.
1389 871 1490 898 cum
1509 856 1623 898 aliis.

370 907 519 950 CAP.
535 910 578 949 L
591 908 735 948 VIII.
759 907 868 951 Lin·
884 922 920 949 2.
945 930 966 950 τ
978 916 1059 951 οῖσι
1084 913 1293 967 eamean)
1318 913 1390 954 Sic
1402 914 1458 953 F.
1480 919 1523 952 et
1539 917 1622 953 τοῖσι

311 971 559 1018 agnoscunt
579 965 680 1004 edd.
701 977 855 1005 omnes
878 973 979 1004 ante
1011 968 1160 1006 Wess.
1181 974 1292 1019 puto
1314 975 1356 1008 et
1382 967 1504 1009 mssti
1531 981 1624 1007 om-

311 1031 410 1058 nes:
432 1023 597 1060 temere
616 1032 723 1058 vero
744 1020 932 1061 omissus
955 1020 1076 1061 artic.
1103 1021 1150 1060 in
1165 1021 1233 1061 ed.
1253 1025 1400 1064 Wess.
1425 1023 1622 1074 indeque

311 1072 445 1113 etiam
469 1074 516 1114 in
542 1076 610 1114 ed.
628 1072 808 1132 Schaef.
830 1084 872 1115 et
893 1076 1041 1117 Borh.
1074 1078 1213 1116 Porro
1236 1081 1403 1129 βασιλῆα-ι
1420 1077 1553 1119 scribi
1572 1077 1622 1118 in

311 1130 413 1168 edd.
434 1136 538 1169 vett.
559 1138 600 1170 et
622 1128 669 1170 in
694 1144 792 1170 mss.
817 1132 1047 1171 nonnullis
1062 1160 1073 1177 ‚
1095 1145 1228 1184 supra
1246 1133 1467 1173 monitum
1485 1140 1548 1174 est
1563 1134 1621 1173 ad

311 1197 349 1224 e.
365 1186 435 1234 57,
460 1187 522 1225 15.
586 1187 616 1225 l.
638 1187 674 1225 5.
696 1189 872 1228 λέβητα,
890 1187 1014 1227 Med.
1036 1186 1294 1228 Pass.Ask.
1314 1186 1384 1242 [et
1398 1190 1454 1229 F.
1472 1188 1622 1228 nescio

309 1252 366 1279 an
379 1239 465 1279 Pb.
476 1240 593 1296 Pd.]
618 1239 799 1292 Reliqui
819 1255 920 1281 cum
934 1242 1061 1283 Aldo
1078 1245 1272 1288 λέβητας.
1283 1243 1420 1284 —Sic
1432 1244 1518 1285 Pa.
1533 1244 1621 1285 Pe.

309 1302 354 1334 ct
381 1296 538 1336 Valla.
591 1298 622 1336 l.
648 1299 687 1336 6·
705 1299 883 1341 γένηται
899 1297 1045 1338 ΑΙὋῘι.
1068 1321 1122 1327 -
1145 1303 1186 1336 et
1203 1298 1259 1337 R
1286 1301 1408 1350 quod
1427 1299 1620 1352 praetuli

308 1352 490 1404 vulgato
510 1354 704 1396 γίνηται.
760 1352 788 1390 l.
812 1365 872 1390 ιι.
891 1354 958 1402 γάρ
980 1349 1005 1392 <3
1019 1372 1032 1393 ν
1052 1353 1174 1393 Med.
1191 1353 1325 1393 Pass.
1347 1355 1453 1396 Ask.
1480 1352 1555 1407 [F.
1576 1361 1620 1395 et

307 1404 468 1448 Paris.
488 1404 740 1460 nonnulli.]
756 1407 916 1446 Aberat
936 1404 988 1447 εἶν.
1009 1430 1063 1438 -
1079 1410 1129 1447 Et
1146 1409 1266 1447 abest
1283 1408 1371 1450 Pa.
1425 1407 1548 1450 Ibid.
1562 1414 1619 1462 τῷ

307 1463 362 1501 αὔ
373 1480 394 1501 τ
405 1464 432 1512 ᾦ
452 1463 587 1503 Pass.
604 1461 717 1503 Ask.
733 1486 786 1492 —
804 1469 846 1501 et
860 1463 915 1503 F.
931 1476 1042 1514 quos
1060 1470 1234 1503 secutus
1250 1477 1363 1504 sum.
1387 1468 1510 1516 τωῦτῷ
1522 1464 1619 1505 sive

306 1520 424 1568 τωυτῷ
440 1518 540 1556 edd.
559 1531 657 1563 cum
670 1515 781 1556 aliis.
838 1518 867 1556 l.
889 1532 901 1556 1
913 1519 949 1557 5.
970 1519 1206 1565 οἷναγκαστοιὶς
1225 1531 1300 1559 ora
1315 1520 1616 1573 Steph.Pass.

304 1571 418 1612 Ask.
440 1572 547 1622 [F.]
578 1570 719 1612 ΑῙὍῘΙ.
752 1568 896 1612 Vind·
933 1571 1090 1612 Valla.
1134 1575 1281 1628 Vulgo
1310 1575 1540 1621 οἶναμοισθοῦς.
1562 1597 1619 1608 —-

304 1625 376 1666 Sic
396 1628 482 1668 Pe.
510 1641 610 1668 cum
626 1626 738 1669 Ald.
763 1627 900 1678 idque
923 1627 1137 1669 intactum
1160 1629 1340 1680 reliquit
1357 1631 1504 1672 Gron.
1533 1631 1618 1670 οἶνοι-

304 1682 430 1727 μκθούς
453 1684 542 1724 Pd.
573 1685 635 1723 Ex
658 1684 746 1724 Pa.
766 1682 852 1724 Pb.
876 1682 941 1723 nil
967 1690 1182 1724 notatum.
1247 1685 1277 1724 l.
1310 1687 1372 1724 16.
1402 1690 1462 1726 καὶ
1490 1687 1616 1726 αὐτέων

304 1736 561 1791 Σπαρτιητέων)
578 1740 747 1779 Desunt
761 1738 842 1777 tria
857 1740 991 1778 verba
1007 1739 1154 1780 Arc-h.
1167 1746 1209 1779 et
1227 1739 1363 1780 Pass.
1375 1763 1429 1771 —
1446 1743 1500 1780 Et
1513 1746 1618 1781 con-

302 1793 419 1832 sulto
441 1807 490 1834 ea
511 1793 660 1834 omisit
677 1790 857 1849 Schaef.
881 1808 1073 1845 eumque
1085 1801 1258 1836 secutus
1277 1796 1424 1837 Borh.
1444 1802 1617 1849 praeter

303 1860 516 1889 caussam.
546 1851 801 1904 Agnoscunt
819 1851 897 1890 illa
910 1850 1090 1902 quidem
1112 1850 1190 1890 alii
1208 1850 1313 1890 libri
1332 1852 1508 1904 omnes,
1528 1851 1616 1891 nisi

303 1905 423 1954 quod
438 1907 550 1944 αὐτῶν
562 1916 643 1944 SUO
658 1919 781 1945 more
794 1905 945 1946 scribit
963 1907 1019 1946 F.
1077 1907 1106 1945 l.
1128 1921 1173 1957 17
1190 1920 1280 1958 Seq-
1300 1908 1487 1947 κόπτονταί
1502 1924 1537 1947 τε
1558 1906 1614 1946 τοὶ

300 1958 522 2011 μέτωπα)
558 1962 660 2000 Duo
686 1967 908 2013 postrema
939 1963 1076 2000 verba
1104 1975 1194 2000 non
1221 1961 1330 2016 legit
1358 1962 1503 2002 Arc-h.
1530 1975 1614 2001 nec

307 2014 467 2053 Valla.
494 2014 609 2055 Vide
633 2016 708 2056 lib.
731 2017 790 2056 ΙΙ,
810 2019 876 2057 61.
895 2022 938 2057 et
959 2014 1281 2057 D’Orvillium
1308 2018 1364 2056 ad
1386 2016 1610 2056 Chariton.

299 2082 342 2121 p.
363 2072 455 2119 347.
473 2092 517 2099 --
533 2085 577 2123 p.
594 2083 641 2121 41
654 2086 687 2110 1.
707 2073 775 2110 ed.
795 2071 916 2125 Lips.
945 2073 1092 2113 verba
1108 2071 1191 2112 ista
1204 2100 1214 2116 ,
1239 2085 1351 2122 quae
1367 2079 1614 2126 agnoscunt

298 2123 462 2176 reliqui
490 2125 594 2166 libri
621 2140 796 2176 omnes,
818 2141 1122 2180 praepropere
1137 2126 1298 2167 abiecit
1315 2125 1495 2182 Schaqfi
1526 2130 1612 2167 Ρο-

298 2186 474 2220 tuerant
501 2181 656 2233 utique
684 2184 833 2222 abesse
852 2197 862 2223 :
896 2190 939 2223 at
962 2196 1053 2222 non
1074 2182 1133 2222 ita
1154 2196 1315 2235 parcus
1339 2190 1432 2223 erat
1451 2183 1611 2224 verbo-

296 2249 397 2274 rum
417 2236 695 2288 Herodotus,
718 2237 754 2277 is
784 2237 855 2277 cui
883 2237 963 2292 (ut
981 2240 1067 2278 hoc
1087 2236 1215 2290 utar)
1234 2239 1435 2278 solemne
1452 2245 1538 2290 est,
1562 2244 1611 2280 ut

295 2303 380 2344 pro
406 2293 526 2331 nuda
552 2293 747 2332 formula
774 2294 842 2340 οὐχ
870 2294 1018 2343 ἥκιστα,
1049 2293 1195 2333 dicere
1222 2300 1338 2332 amet
1367 2295 1430 2334 οὐκ
1459 2294 1608 2340 ἥκιστα,

297 2347 395 2386 α’λλοὶ
413 2347 584 2391 μα’λισ-τοι.
646 2348 675 2387 l.
694 2360 757 2388 20.
773 2346 975 2401 Βασιλνὶων)
995 2352 1160 2391 βκσιλέων
1171 2349 1319 2388 Al‘cll.
1341 2347 1611 2390 Vind-Ask.

294 2409 528 2454 perpetuo.
551 2426 602 2433 —-
634 2406 750 2457 Ergo
771 2409 812 2443 et
832 2403 879 2443 hi
903 2406 987 2444 hoc
1007 2404 1054 2443 in
1079 2417 1241 2457 genere
1261 2419 1363 2445 cum
1383 2411 1536 2445 nostro
1557 2406 1609 2445 F.

294 2457 485 2510 faciunt,
516 2465 626 2512 puto
651 2472 757 2499 vero
783 2464 823 2499 et
847 2459 924 2498 alii
949 2456 1154 2513 plerique
1181 2460 1377 2505 codices,
1410 2460 1496 2501 nisi
1518 2460 1613 2501 for-

294 2526 371 2552 san
391 2513 523 2554 etiam
544 2528 720 2557 omnes:
742 2528 792 2555 ae
810 2527 941 2569 saepe
964 2515 1077 2556 mihi
1103 2517 1260 2556 oborta
1280 2523 1372 2556 erat
1389 2515 1605 2570 suspicio,
