1752 3042
185 227 252 265 w.
605 225 643 273 E
678 225 721 273 R
754 224 802 273 A
835 223 882 271 T
917 224 982 274 o.
1333 228 1454 292 ...39

140 278 222 318 455,
238 280 292 314 28.

99 359 120 398 5
143 328 273 390 ’ἔπλεε
302 331 375 387 διά
403 338 478 386 τοῦ
505 328 716 389 Μέλανος
744 326 929 384 κόλπου·
971 327 1281 399 παραμείβετδ
1309 354 1353 385 τε
1387 330 1456 395 την

141 408 427 481 Χερσόνησον,
457 433 535 463 και
558 415 593 462 οἱ
620 403 805 466 Φοίνικές
825 413 861 460 οἱ
886 413 1183 476 περιπίπτουσι
1207 432 1302 476 τησι
1328 416 1451 471 νηυσί.

140 487 272 549 αὐτος
299 514 376 560 μεν
411 486 458 550 δη
495 481 746 546 Μιλτιάδης
778 509 854 537 συν
883 507 982 553 τησι
1011 481 1209 554 τέσσερσι
1248 491 1329 539 τῶν
1363 492 1456 540 νεῶν

142 591 266 621 κατα
269 563 421 632 φεύγει
454 569 497 622 ἐς
520 554 726 632 Ιμβρον,
762 586 831 624 την
865 558 912 615 δέ
943 569 977 615 οἱ
1012 559 1220 656 πέμπτην
1251 569 1331 617 τῶν
1364 570 1457 618 νεῶν

142 659 335 699 κατειλον
356 638 560 699 διάκοντες
587 665 619 692 οι
650 642 847 699 Φοιᾝνικες
885 663 958 702 της
988 636 1034 693 δε
1067 662 1149 698 νεος
1176 662 1336 702 ταυτης
1365 632 1458 694 ἐτυ-

75 754 126 782 10
143 745 200 787 χε
216 744 295 775 των
325 715 583 773 Μιλτιάδεω
608 719 770 770 παίδων
803 721 826 769 o‘
849 714 1205 786 πρεσβύτατος’
1181 711 1328 786 άρχων
1356 720 1461 780 Μη-

141 806 300 863 τίοχος,
333 801 411 849 ουίο
431 799 480 848 ἐκ
501 820 569 856 της
588 791 779 863 Ὀλορου
806 819 877 847 του
902 791 1136 864 Θρηῖκος’
1115 819 1187 848 εων
1208 791 1458 863 θυγατρος,

139 880 252 929 ἀλλ’
278 876 324 938 ἐξ
354 868 512 934 άλλης·
547 895 626 924 και
654 896 794 926 τουτον
819 866 928 943 άμα
950 898 997 940 τῃ
1030 870 1091 935 νηι
1125 872 1231 925 εἶλον
1265 879 1300 925 οἱ
1327 874 1461 925 Φοίνι-

141 975 222 1011 κες.
265 957 348 1003 καί
375 973 445 1019 μιν
473 945 692 1019 πυθᾶμενοι
715 973 771 1007 ως
809 972 868 1011 ειη
899 945 1163 1003 Μιλτιάδεω
1201 972 1335 1008 παις,
1365 945 1462 1012 οἰνή-

141 1052 284 1096 γαγον
311 1024 438 1096 παρά
463 1029 679 1089 βασιλῆα
694 1065 706 1083 ,
731 1027 934 1086 δοκέοντες
959 1023 1128 1096 χάριτα
1147 1023 1355 1098 μεγάλην
1374 1051 1460 1080 κα-

0 1086 3 1146 f
76 1126 123 1166 15
141 1103 413 1168 ταθήσεσθαι·
465 1098 527 1157 {as-tc
556 1101 606 1166 δη
640 1100 893 1166 Μιλτιάδης
933 1101 1103 1174 γνάμην
1138 1100 1382 1168 ἐπεδέξατο
1420 1109 1460 1159 ἐν

0 1180 1 1207 1
185 1188 208 1199 Ν
269 1185 278 1198 2

140 1208 244 1237 τοισι
277 1178 419 1238 Ίωσι,
456 1186 668 1235 πείθεσθαι
706 1176 890 1234 κελειίων
925 1185 1029 1235 τοῖσι
1067 1179 1287 1249 Σκύθησι,
1321 1176 1389 1235 ’ὅτε
1424 1188 1460 1235 οἷ

141 1256 316 1316 Σκύθαι
338 1255 621 1328 προσεδέοντο,
655 1255 883 1318 λύσαντας
903 1256 972 1321 την
1000 1261 1194 1323 σχεδίην,
1221 1254 1459 1313 οἰποπλέειν

144 1343 184 1397 ἐς
201 1335 268 1401 την
290 1342 462 1391 ἑωυτῶν.
499 1339 680 1406 Δαρεῖος
697 1334 742 1389 δὲ
756 1376 767 1393 ,
799 1340 857 1396 ὥς
880 1343 915 1389 οἱ
945 1338 1131 1396 Φοίνικες
1150 1340 1370 1403 Μητίοχον
1392 1336 1460 1392 τδν

141 1494 273 1549 pletis
286 1526 297 1547 ‚
316 1495 509 1536 Athenas
528 1493 771 1550 navigavit.
803 1496 925 1535 Dum
947 1507 1079 1547 vero,
1098 1509 1150 1534 ex
1172 1495 1333 1536 Cardia
1352 1497 1465 1538 urbe

142 1562 387 1617 profectus,
417 1576 499 1616 per
518 1561 667 1602 sinum
693 1563 872 1602 Melana
895 1561 1136 1616 navigans,
1159 1563 1464 1615 praetervehi-

145 1635 215 1670 tur
232 1631 583 1669 Chersonnesum
595 1659 607 1682 7
627 1634 870 1669 occurrunt
886 1627 1075 1668 navibus
1093 1627 1186 1669 eius
1202 1629 1462 1671 Phoenices.

143 1697 198 1735 Et
215 1695 310 1749 ipsc
335 1695 518 1748 quidem
545 1693 794 1737 Miltiades
822 1709 924 1736 cum
947 1703 1140 1747 quatuor
1163 1697 1355 1738 navibus
1375 1699 1462 1738 Im-

143 1764 276 1804 brum
296 1759 474 1819 effugit3
507 1763 708 1815 quintam
735 1775 843 1802 vero
866 1769 1183 1815 persequentes
1212 1765 1459 1805 Phoenices

145 1835 380 1884 ceperunt,
417 1830 489 1869 cui
521 1830 627 1869 navi
665 1829 915 1883 praefectus
951 1836 1046 1870 erat
1082 1830 1300 1871 Miltiadis
1339 1830 1458 1872 filius

144 1902 249 1935 natu
285 1893 505 1935 maximus
536 1892 837 1942 Metiochus,
881 1908 975 1935 non
1011 1909 1064 1935 ex
1097 1896 1226 1936 Olori
1274 1895 1458 1948 quidem

143 1962 324 2003 Thracis
355 1962 447 2003 filia
474 1969 624 2016 natus,
651 1963 735 2004 sed
760 1976 813 2002 ex
840 1961 928 2002 alia
959 1976 1124 2003 uxore:
1165 1970 1301 2016 atque
1339 1965 1460 2005 hunc

142 2030 276 2074 simul
304 2045 403 2071 cum
422 2031 527 2072 navi
555 2037 768 2085 ceperunt
788 2029 1046 2070 Phoenices.
1078 2030 1188 2086 Qui,
1211 2037 1259 2071 ut
1278 2031 1463 2071 rescive-

142 2104 247 2138 runt
262 2098 476 2139 Miltiadis
493 2112 584 2139 esse
601 2098 744 2139 filium
757 2127 767 2145 ‚
792 2099 847 2138 ad
867 2111 1017 2152 regem
1038 2112 1142 2139 eum
1158 2100 1460 2151 abduxerunt,

143 2163 370 2219 ingentem
400 2165 699 2206 existimantes
735 2164 923 2221 gratiam
958 2179 1004 2205 se
1042 2165 1236 2206 inituros
1277 2173 1464 2220 propter

145 2232 404 2272 sententiam
421 2246 555 2284 quam
572 2232 621 2272 in
640 2234 803 2273 Ionum
824 2232 1019 2273 concilio
1039 2233 1207 2274 dixerat
1223 2232 1462 2285 Miltiades,

148 2311 286 2348 quum
313 2297 413 2339 illos
440 2300 692 2340 hortaretur
724 2300 1035 2352 obtemperare
1063 2300 1241 2355 Scythis
1264 2299 1462 2354 roganti-

145 2363 251 2408 bus,
279 2370 326 2404 ut
353 2372 538 2418 pontem
556 2367 782 2407 solverent
806 2368 938 2407 Iones
971 2367 1248 2419 domumque
1277 2366 1461 2421 naviga-

147 2435 259 2469 rent.
294 2431 350 2470 At
371 2431 531 2473 Darius
553 2439 792 2486 postquam
814 2433 873 2473 ad
899 2447 1002 2473 eum
1028 2435 1275 2475 Phoenices
1298 2434 1460 2474 Metio-

146 2497 280 2537 chum
311 2496 527 2542 Miltiadis
554 2497 700 2542 filium
733 2500 1039 2554 adduxerunt,
1077 2499 1194 2542 nihil
1231 2499 1460 2543 Metiocho
