<?xml version="1.0" encoding="UTF-8"?>
<!DOCTYPE html PUBLIC "-//W3C//DTD XHTML 1.0 Transitional//EN"
    "http://www.w3.org/TR/xhtml1/DTD/xhtml1-transitional.dtd">
<html xmlns="http://www.w3.org/1999/xhtml" xml:lang="en" lang="en">
 <head>
  <title>
</title>
<meta http-equiv="Content-Type" content="text/html;charset=utf-8" />
  <meta name='ocr-system' content='tesseract 3.04.00' />
  <meta name='ocr-capabilities' content='ocr_page ocr_carea ocr_par ocr_line ocrx_word'/>
</head>
<body>
  <div class='ocr_page' id='page_1' title='image "./musaesivehistori03hero/musaesivehistori03hero_0503.png"; bbox 0 0 1752 3042; ppageno 0'>
   <div class='ocr_carea' id='block_1_1' title="bbox 372 222 1468 290">
    <p class='ocr_par' dir='ltr' id='par_1_1' title="bbox 372 222 1468 290">
     <span class='ocr_line' id='line_1_1' title="bbox 372 222 1468 290; baseline 0.004 -18"><span class='ocrx_word' id='word_1_1' title='bbox 372 225 461 272; x_wconf 86' lang='lat' dir='ltr'><strong>IN</strong></span> <span class='ocrx_word' id='word_1_2' title='bbox 495 222 934 273; x_wconf 86' lang='lat' dir='ltr'>HERODOTI</span> <span class='ocrx_word' id='word_1_3' title='bbox 968 223 1121 271; x_wconf 77' lang='lat' dir='ltr'><strong>Lm.</strong></span> <span class='ocrx_word' id='word_1_4' title='bbox 1155 223 1300 276; x_wconf 87' lang='lat' dir='ltr'>v11.</span> <span class='ocrx_word' id='word_1_5' title='bbox 1404 225 1468 290; x_wconf 81' lang='lat'><strong>87</strong></span> 
     </span>
    </p>
   </div>
   <div class='ocr_carea' id='block_1_2' title="bbox 134 335 1469 2559">
    <p class='ocr_par' dir='ltr' id='par_1_2' title="bbox 148 335 1469 777">
     <span class='ocr_line' id='line_1_2' title="bbox 150 335 1469 391; baseline 0.001 -12"><span class='ocrx_word' id='word_1_6' title='bbox 150 341 196 379; x_wconf 79' lang='lat' dir='ltr'><strong>et</strong></span> <span class='ocrx_word' id='word_1_7' title='bbox 215 338 270 380; x_wconf 83' lang='lat' dir='ltr'><strong>F.</strong></span> <span class='ocrx_word' id='word_1_8' title='bbox 289 337 375 379; x_wconf 85' lang='lat' dir='ltr'><strong>Pb.</strong></span> <span class='ocrx_word' id='word_1_9' title='bbox 405 338 555 379; x_wconf 77' lang='lat' dir='ltr'>Tacite</span> <span class='ocrx_word' id='word_1_10' title='bbox 572 337 732 378; x_wconf 89' lang='lat' dir='ltr'><strong>adiecit</strong></span> <span class='ocrx_word' id='word_1_11' title='bbox 750 336 905 391; x_wconf 74' lang='lat' dir='ltr'><strong>steph.</strong></span> <span class='ocrx_word' id='word_1_12' title='bbox 931 342 973 376; x_wconf 89' lang='lat' dir='ltr'><strong>et</strong></span> <span class='ocrx_word' id='word_1_13' title='bbox 998 335 1142 376; x_wconf 86' lang='lat' dir='ltr'><strong>tenuit</strong></span> <span class='ocrx_word' id='word_1_14' title='bbox 1166 335 1299 377; x_wconf 88' lang='lat' dir='ltr'><strong>etiam</strong></span> <span class='ocrx_word' id='word_1_15' title='bbox 1321 338 1469 380; x_wconf 76' lang='lat' dir='ltr'><strong>Gron-</strong></span> 
     </span>
     <span class='ocr_line' id='line_1_3' title="bbox 151 392 1468 450; baseline -0.001 -15"><span class='ocrx_word' id='word_1_16' title='bbox 151 408 254 435; x_wconf 83' lang='lat' dir='ltr'><strong>cum</strong></span> <span class='ocrx_word' id='word_1_17' title='bbox 275 394 387 434; x_wconf 87' lang='lat' dir='ltr'><strong>aliis.</strong></span> <span class='ocrx_word' id='word_1_18' title='bbox 444 395 473 433; x_wconf 90' lang='lat' dir='ltr'><strong>l.</strong></span> <span class='ocrx_word' id='word_1_19' title='bbox 504 408 566 444; x_wconf 72' lang='grc'><strong>14.</strong></span> <span class='ocrx_word' id='word_1_20' title='bbox 592 395 704 434; x_wconf 74' lang='grc' dir='ltr'>Ἰόνιον</span> <span class='ocrx_word' id='word_1_21' title='bbox 725 393 872 434; x_wconf 84' lang='lat' dir='ltr'><strong>Arelz.</strong></span> <span class='ocrx_word' id='word_1_22' title='bbox 888 392 999 434; x_wconf 88' lang='lat' dir='ltr'><strong>Ald.</strong></span> <span class='ocrx_word' id='word_1_23' title='bbox 1013 392 1220 450; x_wconf 79' lang='lat' dir='ltr'><strong>Hervag.</strong></span> <span class='ocrx_word' id='word_1_24' title='bbox 1239 392 1338 445; x_wconf 83' lang='lat' dir='ltr'><strong>[Sic</strong></span> <span class='ocrx_word' id='word_1_25' title='bbox 1361 406 1468 435; x_wconf 86' lang='lat' dir='ltr'><strong>vero</strong></span> 
     </span>
     <span class='ocr_line' id='line_1_4' title="bbox 150 446 1468 503; baseline 0 -14"><span class='ocrx_word' id='word_1_26' title='bbox 150 457 268 490; x_wconf 86' lang='lat' dir='ltr'><strong>recte</strong></span> <span class='ocrx_word' id='word_1_27' title='bbox 287 449 419 489; x_wconf 88' lang='lat' dir='ltr'><strong>etiam</strong></span> <span class='ocrx_word' id='word_1_28' title='bbox 434 450 589 503; x_wconf 79' lang='lat' dir='ltr'><strong>Steph.</strong></span> <span class='ocrx_word' id='word_1_29' title='bbox 614 450 680 488; x_wconf 90' lang='lat' dir='ltr'><strong>ed.</strong></span> <span class='ocrx_word' id='word_1_30' title='bbox 702 465 736 488; x_wconf 86' lang='lat'><strong>1.</strong></span> <span class='ocrx_word' id='word_1_31' title='bbox 756 455 798 488; x_wconf 88' lang='lat' dir='ltr'><strong>et</strong></span> <span class='ocrx_word' id='word_1_32' title='bbox 819 462 898 488; x_wconf 89' lang='lat' dir='ltr'><strong>ms.</strong></span> <span class='ocrx_word' id='word_1_33' title='bbox 915 448 971 488; x_wconf 79' lang='lat' dir='ltr'><strong>F.</strong></span> <span class='ocrx_word' id='word_1_34' title='bbox 991 461 1074 488; x_wconf 84' lang='lat' dir='ltr'><strong>nec</strong></span> <span class='ocrx_word' id='word_1_35' title='bbox 1092 447 1216 488; x_wconf 89' lang='lat' dir='ltr'><strong>aliud</strong></span> <span class='ocrx_word' id='word_1_36' title='bbox 1235 463 1288 488; x_wconf 83' lang='lat' dir='ltr'><strong>ex</strong></span> <span class='ocrx_word' id='word_1_37' title='bbox 1305 446 1468 490; x_wconf 81' lang='lat' dir='ltr'><strong>Paris.</strong></span> 
     </span>
     <span class='ocr_line' id='line_1_5' title="bbox 148 503 1468 559; baseline 0 -14"><span class='ocrx_word' id='word_1_38' title='bbox 148 503 388 559; x_wconf 88' lang='lat' dir='ltr'><strong>adfertur.]</strong></span> <span class='ocrx_word' id='word_1_39' title='bbox 416 506 532 545; x_wconf 76' lang='grc' dir='ltr'>Ἰώνιιν</span> <span class='ocrx_word' id='word_1_40' title='bbox 556 505 656 545; x_wconf 88' lang='lat' dir='ltr'><strong>edd.</strong></span> <span class='ocrx_word' id='word_1_41' title='bbox 683 503 762 543; x_wconf 89' lang='lat' dir='ltr'><strong>alii</strong></span> <span class='ocrx_word' id='word_1_42' title='bbox 784 510 826 543; x_wconf 87' lang='lat' dir='ltr'><strong>et</strong></span> <span class='ocrx_word' id='word_1_43' title='bbox 853 503 1041 544; x_wconf 86' lang='lat' dir='ltr'><strong>codices.</strong></span> <span class='ocrx_word' id='word_1_44' title='bbox 1070 525 1126 534; x_wconf 91' lang='lat'><strong>—</strong></span> <span class='ocrx_word' id='word_1_45' title='bbox 1163 505 1350 544; x_wconf 86' lang='lat' dir='ltr'><strong>Temere</strong></span> <span class='ocrx_word' id='word_1_46' title='bbox 1380 506 1468 546; x_wconf 90' lang='lat' dir='ltr'><strong>hoc</strong></span> 
     </span>
     <span class='ocr_line' id='line_1_6' title="bbox 148 559 1468 614; baseline 0 -14"><span class='ocrx_word' id='word_1_47' title='bbox 148 560 198 600; x_wconf 88' lang='lat' dir='ltr'><strong>in</strong></span> <span class='ocrx_word' id='word_1_48' title='bbox 210 561 366 614; x_wconf 74' lang='lat' dir='ltr'><strong>steph.</strong></span> <span class='ocrx_word' id='word_1_49' title='bbox 381 562 451 600; x_wconf 90' lang='lat' dir='ltr'><strong>ed.</strong></span> <span class='ocrx_word' id='word_1_50' title='bbox 466 571 502 599; x_wconf 83' lang='lat'><strong>2.</strong></span> <span class='ocrx_word' id='word_1_51' title='bbox 518 560 743 599; x_wconf 81' lang='lat' dir='ltr'><strong>invectum</strong></span> <span class='ocrx_word' id='word_1_52' title='bbox 765 566 946 598; x_wconf 86' lang='lat' dir='ltr'><strong>tenuere</strong></span> <span class='ocrx_word' id='word_1_53' title='bbox 960 572 1169 610; x_wconf 86' lang='lat' dir='ltr'><strong>sequaces</strong></span> <span class='ocrx_word' id='word_1_54' title='bbox 1184 565 1319 611; x_wconf 88' lang='lat' dir='ltr'><strong>atque</strong></span> <span class='ocrx_word' id='word_1_55' title='bbox 1333 559 1468 600; x_wconf 92' lang='lat' dir='ltr'><strong>etiam</strong></span> 
     </span>
     <span class='ocr_line' id='line_1_7' title="bbox 151 612 1466 668; baseline -0.001 -12"><span class='ocrx_word' id='word_1_56' title='bbox 151 616 300 656; x_wconf 84' lang='lat' dir='ltr'><strong>Gron.</strong></span> <span class='ocrx_word' id='word_1_57' title='bbox 359 617 390 656; x_wconf 87' lang='lat' dir='ltr'><strong>l.</strong></span> <span class='ocrx_word' id='word_1_58' title='bbox 407 617 451 655; x_wconf 79' lang='lat'><strong>15</strong></span> <span class='ocrx_word' id='word_1_59' title='bbox 464 629 553 668; x_wconf 80' lang='lat' dir='ltr'><strong>seq.</strong></span> <span class='ocrx_word' id='word_1_60' title='bbox 572 616 651 664; x_wconf 72' lang='grc' dir='ltr'><strong>πρδς</strong></span> <span class='ocrx_word' id='word_1_61' title='bbox 670 620 881 665; x_wconf 66' lang='grc' dir='ltr'><strong>μεσαμβρίης</strong></span> <span class='ocrx_word' id='word_1_62' title='bbox 898 615 1022 656; x_wconf 82' lang='lat' dir='ltr'><strong>Med.</strong></span> <span class='ocrx_word' id='word_1_63' title='bbox 1035 615 1146 655; x_wconf 73' lang='lat' dir='ltr'><em>Ask.</em></span> <span class='ocrx_word' id='word_1_64' title='bbox 1162 616 1299 656; x_wconf 74' lang='lat' dir='ltr'><strong>Pass.</strong></span> <span class='ocrx_word' id='word_1_65' title='bbox 1320 615 1371 655; x_wconf 90' lang='lat' dir='ltr'><em>V</em></span> <span class='ocrx_word' id='word_1_66' title='bbox 1368 612 1466 655; x_wconf 84' lang='lat' dir='ltr'><strong>ind.</strong></span> 
     </span>
     <span class='ocr_line' id='line_1_8' title="bbox 148 669 1467 724; baseline -0.001 -13"><span class='ocrx_word' id='word_1_67' title='bbox 148 671 299 714; x_wconf 82' lang='lat' dir='ltr'><em>Arch.</em></span> <span class='ocrx_word' id='word_1_68' title='bbox 328 669 516 724; x_wconf 79' lang='lat' dir='ltr'><strong>[Paris.</strong></span> <span class='ocrx_word' id='word_1_69' title='bbox 547 677 590 710; x_wconf 76' lang='lat' dir='ltr'><strong>ef</strong></span> <span class='ocrx_word' id='word_1_70' title='bbox 610 675 816 721; x_wconf 58' lang='grc' dir='ltr'><strong>μεσαμβρίης</strong></span> <span class='ocrx_word' id='word_1_71' title='bbox 840 670 928 720; x_wconf 68' lang='lat' dir='ltr'><strong>R]</strong></span> <span class='ocrx_word' id='word_1_72' title='bbox 975 671 1099 711; x_wconf 80' lang='lat' dir='ltr'><strong>Olim</strong></span> <span class='ocrx_word' id='word_1_73' title='bbox 1129 672 1213 723; x_wconf 74' lang='grc' dir='ltr'><strong>πρδς</strong></span> <span class='ocrx_word' id='word_1_74' title='bbox 1241 675 1467 722; x_wconf 70' lang='grc' dir='ltr'><strong>μεσαμβρίην.</strong></span> 
     </span>
     <span class='ocr_line' id='line_1_9' title="bbox 148 725 685 777; baseline -0.004 -11"><span class='ocrx_word' id='word_1_75' title='bbox 148 726 181 766; x_wconf 79' lang='lat' dir='ltr'><strong>l·</strong></span> <span class='ocrx_word' id='word_1_76' title='bbox 209 744 222 767; x_wconf 84' lang='lat'>1</span> <span class='ocrx_word' id='word_1_77' title='bbox 235 729 272 766; x_wconf 87' lang='grc'><strong>6.</strong></span> <span class='ocrx_word' id='word_1_78' title='bbox 292 725 452 777; x_wconf 61' lang='grc' dir='ltr'>ἔλασαν)</span> <span class='ocrx_word' id='word_1_79' title='bbox 479 727 612 768; x_wconf 57' lang='grc' dir='ltr'>’ἔλασαν</span> <span class='ocrx_word' id='word_1_80' title='bbox 628 726 685 765; x_wconf 66' lang='lat' dir='ltr'><em>E</em></span> 
     </span>
    </p>

    <p class='ocr_par' dir='ltr' id='par_1_3' title="bbox 139 778 1467 1840">
     <span class='ocr_line' id='line_1_10' title="bbox 208 778 1466 833; baseline -0.002 -9"><span class='ocrx_word' id='word_1_81' title='bbox 208 782 354 824; x_wconf 83' lang='lat' dir='ltr'><em>CAP.</em></span> <span class='ocrx_word' id='word_1_82' title='bbox 377 780 514 823; x_wconf 79' lang='lat' dir='ltr'><em>XXI.</em></span> <span class='ocrx_word' id='word_1_83' title='bbox 539 778 650 822; x_wconf 72' lang='lat' dir='ltr'><strong>Lin.</strong></span> <span class='ocrx_word' id='word_1_84' title='bbox 676 795 711 820; x_wconf 80' lang='grc' dir='ltr'><strong>ι.</strong></span> <span class='ocrx_word' id='word_1_85' title='bbox 736 784 771 820; x_wconf 79' lang='grc' dir='ltr'><strong>αἱ</strong></span> <span class='ocrx_word' id='word_1_86' title='bbox 789 782 936 833; x_wconf 72' lang='grc' dir='ltr'>παῖσαι)</span> <span class='ocrx_word' id='word_1_87' title='bbox 962 783 999 823; x_wconf 76' lang='grc' dir='ltr'><strong>οὗ</strong></span> <span class='ocrx_word' id='word_1_88' title='bbox 1022 780 1298 822; x_wconf 70' lang='grc' dir='ltr'><strong>ποῖσαιΑΓΟῘι.</strong></span> <span class='ocrx_word' id='word_1_89' title='bbox 1317 779 1466 822; x_wconf 79' lang='lat' dir='ltr'><strong>Vind·</strong></span> 
     </span>
     <span class='ocr_line' id='line_1_11' title="bbox 147 833 1466 889; baseline 0.001 -11"><span class='ocrx_word' id='word_1_90' title='bbox 147 836 318 878; x_wconf 51' lang='lat' dir='ltr'><strong>&#39;Valla.</strong></span> <span class='ocrx_word' id='word_1_91' title='bbox 374 834 499 875; x_wconf 77' lang='lat' dir='ltr'><strong>Ibid.</strong></span> <span class='ocrx_word' id='word_1_92' title='bbox 524 840 597 876; x_wconf 75' lang='grc' dir='ltr'><strong>καὶ</strong></span> <span class='ocrx_word' id='word_1_93' title='bbox 619 835 685 877; x_wconf 65' lang='grc' dir='ltr'><strong>οὐδ’</strong></span> <span class='ocrx_word' id='word_1_94' title='bbox 708 839 740 876; x_wconf 79' lang='grc' dir='ltr'><strong>εἴ</strong></span> <span class='ocrx_word' id='word_1_95' title='bbox 764 833 900 888; x_wconf 68' lang='grc' dir='ltr'>ἕτεραι)</span> <span class='ocrx_word' id='word_1_96' title='bbox 931 839 1061 877; x_wconf 83' lang='lat' dir='ltr'><strong>Nude</strong></span> <span class='ocrx_word' id='word_1_97' title='bbox 1091 837 1170 877; x_wconf 63' lang='grc' dir='ltr'><strong>οὐδ’</strong></span> <span class='ocrx_word' id='word_1_98' title='bbox 1196 838 1337 889; x_wconf 68' lang='grc' dir='ltr'>ἕτεραι</span> <span class='ocrx_word' id='word_1_99' title='bbox 1362 851 1466 880; x_wconf 83' lang='lat' dir='ltr'><strong>cum</strong></span> 
     </span>
     <span class='ocr_line' id='line_1_12' title="bbox 146 890 1467 944; baseline 0.001 -11"><span class='ocrx_word' id='word_1_100' title='bbox 146 892 248 933; x_wconf 86' lang='lat' dir='ltr'><strong>aliis</strong></span> <span class='ocrx_word' id='word_1_101' title='bbox 272 894 406 932; x_wconf 88' lang='lat' dir='ltr'><strong>edens</strong></span> <span class='ocrx_word' id='word_1_102' title='bbox 427 892 581 932; x_wconf 71' lang='lat' dir='ltr'><strong>Wzss.</strong></span> <span class='ocrx_word' id='word_1_103' title='bbox 607 893 720 932; x_wconf 87' lang='lat' dir='ltr'><strong>haec</strong></span> <span class='ocrx_word' id='word_1_104' title='bbox 749 892 1007 932; x_wconf 75' lang='lat' dir='ltr'><strong>adnotavit:</strong></span> <span class='ocrx_word' id='word_1_105' title='bbox 1035 922 1062 944; x_wconf 86' lang='lat'>„</span> <span class='ocrx_word' id='word_1_106' title='bbox 1076 890 1145 931; x_wconf 71' lang='grc' dir='ltr'><strong>οὐδ’</strong></span> <span class='ocrx_word' id='word_1_107' title='bbox 1165 895 1192 932; x_wconf 85' lang='grc' dir='ltr'><strong>εἶ</strong></span> <span class='ocrx_word' id='word_1_108' title='bbox 1212 893 1320 944; x_wconf 69' lang='grc' dir='ltr'>ἕτεραι</span> <span class='ocrx_word' id='word_1_109' title='bbox 1340 894 1467 934; x_wconf 84' lang='lat' dir='ltr'><strong>Med.</strong></span> 
     </span>
     <span class='ocr_line' id='line_1_13' title="bbox 147 947 1465 991; baseline 0.001 -4"><span class='ocrx_word' id='word_1_110' title='bbox 147 949 203 988; x_wconf 91' lang='lat' dir='ltr'><strong>In</strong></span> <span class='ocrx_word' id='word_1_111' title='bbox 221 947 334 991; x_wconf 76' lang='lat' dir='ltr'><strong>Ask.</strong></span> <span class='ocrx_word' id='word_1_112' title='bbox 348 948 485 990; x_wconf 80' lang='lat' dir='ltr'><strong>Pass.</strong></span> <span class='ocrx_word' id='word_1_113' title='bbox 505 952 580 988; x_wconf 81' lang='grc' dir='ltr'><strong>καὶ</strong></span> <span class='ocrx_word' id='word_1_114' title='bbox 602 947 669 988; x_wconf 70' lang='grc' dir='ltr'><em>οὐδ’</em></span> <span class='ocrx_word' id='word_1_115' title='bbox 685 950 718 987; x_wconf 82' lang='grc' dir='ltr'><strong>εἶ</strong></span> <span class='ocrx_word' id='word_1_116' title='bbox 743 947 793 988; x_wconf 76' lang='grc' dir='ltr'><strong>ἕτ.</strong></span> <span class='ocrx_word' id='word_1_117' title='bbox 828 948 1056 989; x_wconf 87' lang='lat' dir='ltr'><strong>Omittunt</strong></span> <span class='ocrx_word' id='word_1_118' title='bbox 1074 947 1157 987; x_wconf 85' lang='lat' dir='ltr'><strong>alii</strong></span> <span class='ocrx_word' id='word_1_119' title='bbox 1179 951 1205 988; x_wconf 81' lang='grc' dir='ltr'><strong>εἰ</strong></span> <span class='ocrx_word' id='word_1_120' title='bbox 1223 948 1354 989; x_wconf 85' lang='lat' dir='ltr'><strong>illud.</strong></span> <span class='ocrx_word' id='word_1_121' title='bbox 1364 949 1391 970; x_wconf 86' lang='lat'><strong>“</strong></span> <span class='ocrx_word' id='word_1_122' title='bbox 1414 971 1465 982; x_wconf 87' lang='lat'><strong>—·</strong></span> 
     </span>
     <span class='ocr_line' id='line_1_14' title="bbox 144 1000 1466 1056; baseline 0.001 -12"><span class='ocrx_word' id='word_1_123' title='bbox 144 1006 257 1044; x_wconf 91' lang='lat' dir='ltr'><strong>Cum</strong></span> <span class='ocrx_word' id='word_1_124' title='bbox 280 1005 429 1044; x_wconf 82' lang='lat' dir='ltr'><strong>Wess.</strong></span> <span class='ocrx_word' id='word_1_125' title='bbox 447 1002 617 1043; x_wconf 85' lang='lat' dir='ltr'><strong>faciunt</strong></span> <span class='ocrx_word' id='word_1_126' title='bbox 631 1001 779 1056; x_wconf 90' lang='lat' dir='ltr'><strong>(quod</strong></span> <span class='ocrx_word' id='word_1_127' title='bbox 795 1003 1008 1056; x_wconf 87' lang='lat' dir='ltr'><strong>equidem</strong></span> <span class='ocrx_word' id='word_1_128' title='bbox 1022 1000 1181 1056; x_wconf 90' lang='lat' dir='ltr'><strong>sciam)</strong></span> <span class='ocrx_word' id='word_1_129' title='bbox 1199 1004 1302 1044; x_wconf 84' lang='lat' dir='ltr'><strong>Ald.</strong></span> <span class='ocrx_word' id='word_1_130' title='bbox 1316 1003 1466 1045; x_wconf 81' lang='lat' dir='ltr'><em>Arch.</em></span> 
     </span>
     <span class='ocr_line' id='line_1_15' title="bbox 149 1057 1465 1111; baseline -0.001 -11"><span class='ocrx_word' id='word_1_131' title='bbox 149 1059 206 1100; x_wconf 88' lang='lat' dir='ltr'><em>V</em></span> <span class='ocrx_word' id='word_1_132' title='bbox 201 1057 299 1099; x_wconf 81' lang='lat' dir='ltr'><strong>ind.</strong></span> <span class='ocrx_word' id='word_1_133' title='bbox 317 1065 360 1100; x_wconf 84' lang='lat' dir='ltr'><strong>et</strong></span> <span class='ocrx_word' id='word_1_134' title='bbox 371 1059 459 1100; x_wconf 87' lang='lat' dir='ltr'><strong>Pa.</strong></span> <span class='ocrx_word' id='word_1_135' title='bbox 482 1060 567 1101; x_wconf 78' lang='lat' dir='ltr'><strong>Pe.</strong></span> <span class='ocrx_word' id='word_1_136' title='bbox 597 1061 710 1098; x_wconf 87' lang='lat' dir='ltr'><strong>Cum</strong></span> <span class='ocrx_word' id='word_1_137' title='bbox 727 1059 839 1100; x_wconf 73' lang='lat' dir='ltr'><strong>Ask.</strong></span> <span class='ocrx_word' id='word_1_138' title='bbox 861 1067 905 1099; x_wconf 86' lang='lat' dir='ltr'><strong>et</strong></span> <span class='ocrx_word' id='word_1_139' title='bbox 923 1061 1060 1101; x_wconf 83' lang='lat' dir='ltr'><strong>Pass.</strong></span> <span class='ocrx_word' id='word_1_140' title='bbox 1087 1072 1219 1111; x_wconf 80' lang='lat' dir='ltr'><strong>vero,</strong></span> <span class='ocrx_word' id='word_1_141' title='bbox 1245 1067 1396 1100; x_wconf 88' lang='lat' dir='ltr'><strong>noster</strong></span> <span class='ocrx_word' id='word_1_142' title='bbox 1408 1061 1465 1101; x_wconf 87' lang='lat' dir='ltr'><strong>F.</strong></span> 
     </span>
     <span class='ocr_line' id='line_1_16' title="bbox 144 1114 1463 1168; baseline 0.002 -13"><span class='ocrx_word' id='word_1_143' title='bbox 144 1120 190 1155; x_wconf 88' lang='lat' dir='ltr'><strong>et</strong></span> <span class='ocrx_word' id='word_1_144' title='bbox 207 1115 296 1156; x_wconf 87' lang='lat' dir='ltr'><strong>Pb.</strong></span> <span class='ocrx_word' id='word_1_145' title='bbox 328 1128 440 1168; x_wconf 91' lang='lat' dir='ltr'><strong>quos</strong></span> <span class='ocrx_word' id='word_1_146' title='bbox 462 1120 637 1155; x_wconf 81' lang='lat' dir='ltr'><strong>secutus</strong></span> <span class='ocrx_word' id='word_1_147' title='bbox 655 1129 767 1155; x_wconf 87' lang='lat' dir='ltr'><strong>sum.</strong></span> <span class='ocrx_word' id='word_1_148' title='bbox 798 1114 888 1155; x_wconf 68' lang='grc' dir='ltr'><strong>οὐδὲ</strong></span> <span class='ocrx_word' id='word_1_149' title='bbox 909 1119 954 1156; x_wconf 75' lang='grc' dir='ltr'><strong>αἱ</strong></span> <span class='ocrx_word' id='word_1_150' title='bbox 974 1116 1082 1166; x_wconf 74' lang='grc' dir='ltr'><strong>ἕτεραι</strong></span> <span class='ocrx_word' id='word_1_151' title='bbox 1100 1116 1319 1155; x_wconf 89' lang='lat' dir='ltr'><strong>maluerat</strong></span> <span class='ocrx_word' id='word_1_152' title='bbox 1340 1115 1463 1158; x_wconf 88' lang='lat' dir='ltr'><strong>idem</strong></span> 
     </span>
     <span class='ocr_line' id='line_1_17' title="bbox 151 1167 1464 1223; baseline 0.002 -12"><span class='ocrx_word' id='word_1_153' title='bbox 151 1171 305 1212; x_wconf 80' lang='lat' dir='ltr'><strong>Wess.</strong></span> <span class='ocrx_word' id='word_1_154' title='bbox 375 1172 405 1211; x_wconf 87' lang='lat' dir='ltr'><strong>l.</strong></span> <span class='ocrx_word' id='word_1_155' title='bbox 432 1182 473 1210; x_wconf 83' lang='lat'><strong>2.</strong></span> <span class='ocrx_word' id='word_1_156' title='bbox 494 1167 697 1223; x_wconf 73' lang='grc' dir='ltr'>γενόμεναι)</span> <span class='ocrx_word' id='word_1_157' title='bbox 727 1170 987 1221; x_wconf 64' lang='grc' dir='ltr'>προσ-γενόμεναι</span> <span class='ocrx_word' id='word_1_158' title='bbox 1006 1171 1146 1212; x_wconf 83' lang='lat' dir='ltr'><strong>Pass.</strong></span> <span class='ocrx_word' id='word_1_159' title='bbox 1156 1170 1333 1211; x_wconf 73' lang='lat' dir='ltr'><em>Ask.—</em></span> <span class='ocrx_word' id='word_1_160' title='bbox 1353 1173 1464 1213; x_wconf 82' lang='lat' dir='ltr'><strong>etF.</strong></span> 
     </span>
     <span class='ocr_line' id='line_1_18' title="bbox 144 1224 1464 1281; baseline 0.001 -15"><span class='ocrx_word' id='word_1_161' title='bbox 144 1225 226 1278; x_wconf 85' lang='lat' dir='ltr'><strong>qui</strong></span> <span class='ocrx_word' id='word_1_162' title='bbox 252 1227 488 1277; x_wconf 72' lang='grc' dir='ltr'>προγενόμεναι</span> <span class='ocrx_word' id='word_1_163' title='bbox 517 1226 721 1266; x_wconf 83' lang='lat' dir='ltr'><strong>debuisse</strong></span> <span class='ocrx_word' id='word_1_164' title='bbox 749 1225 974 1266; x_wconf 75' lang='lat' dir='ltr'><strong>videntur.</strong></span> <span class='ocrx_word' id='word_1_165' title='bbox 1033 1224 1156 1266; x_wconf 79' lang='lat' dir='ltr'><em>Ibid-</em></span> <span class='ocrx_word' id='word_1_166' title='bbox 1186 1227 1464 1281; x_wconf 69' lang='grc' dir='ltr'>στρατηλασίαι)</span> 
     </span>
     <span class='ocr_line' id='line_1_19' title="bbox 140 1280 1464 1334; baseline 0.002 -13"><span class='ocrx_word' id='word_1_167' title='bbox 140 1281 380 1323; x_wconf 88' lang='lat' dir='ltr'><strong>Articulus</strong></span> <span class='ocrx_word' id='word_1_168' title='bbox 403 1285 462 1334; x_wconf 76' lang='grc' dir='ltr'><strong>αι’,</strong></span> <span class='ocrx_word' id='word_1_169' title='bbox 487 1281 566 1333; x_wconf 91' lang='lat' dir='ltr'><strong>qui</strong></span> <span class='ocrx_word' id='word_1_170' title='bbox 587 1282 636 1321; x_wconf 91' lang='lat' dir='ltr'><strong>in</strong></span> <span class='ocrx_word' id='word_1_171' title='bbox 654 1283 723 1321; x_wconf 87' lang='lat' dir='ltr'><strong>ed.</strong></span> <span class='ocrx_word' id='word_1_172' title='bbox 736 1281 846 1321; x_wconf 83' lang='lat' dir='ltr'><strong>Ald.</strong></span> <span class='ocrx_word' id='word_1_173' title='bbox 867 1280 1024 1334; x_wconf 82' lang='lat' dir='ltr'><strong>Steph.</strong></span> <span class='ocrx_word' id='word_1_174' title='bbox 1045 1289 1086 1321; x_wconf 87' lang='lat' dir='ltr'><strong>et</strong></span> <span class='ocrx_word' id='word_1_175' title='bbox 1108 1282 1256 1322; x_wconf 86' lang='lat' dir='ltr'><strong>Gron.</strong></span> <span class='ocrx_word' id='word_1_176' title='bbox 1276 1282 1464 1334; x_wconf 86' lang='lat' dir='ltr'><strong>ponitur</strong></span> 
     </span>
     <span class='ocr_line' id='line_1_20' title="bbox 143 1334 1464 1388; baseline 0.002 -12"><span class='ocrx_word' id='word_1_177' title='bbox 143 1344 249 1377; x_wconf 88' lang='lat' dir='ltr'><strong>ante</strong></span> <span class='ocrx_word' id='word_1_178' title='bbox 273 1348 435 1388; x_wconf 68' lang='grc' dir='ltr'><strong>στραα-ηλ.</strong></span> <span class='ocrx_word' id='word_1_179' title='bbox 462 1337 568 1378; x_wconf 88' lang='lat' dir='ltr'><strong>defit</strong></span> <span class='ocrx_word' id='word_1_180' title='bbox 585 1337 733 1378; x_wconf 79' lang='lat' dir='ltr'><strong>Arc-h.</strong></span> <span class='ocrx_word' id='word_1_181' title='bbox 762 1338 812 1377; x_wconf 91' lang='lat' dir='ltr'><em>V</em></span> <span class='ocrx_word' id='word_1_182' title='bbox 811 1334 910 1378; x_wconf 84' lang='lat' dir='ltr'><strong>ind.</strong></span> <span class='ocrx_word' id='word_1_183' title='bbox 932 1335 1044 1378; x_wconf 76' lang='lat' dir='ltr'><em>Ask.</em></span> <span class='ocrx_word' id='word_1_184' title='bbox 1065 1344 1198 1377; x_wconf 86' lang='lat' dir='ltr'><strong>recte.</strong></span> <span class='ocrx_word' id='word_1_185' title='bbox 1226 1360 1283 1369; x_wconf 92' lang='lat'><strong>—-</strong></span> <span class='ocrx_word' id='word_1_186' title='bbox 1311 1339 1364 1377; x_wconf 88' lang='lat' dir='ltr'><strong>Et</strong></span> <span class='ocrx_word' id='word_1_187' title='bbox 1385 1340 1464 1379; x_wconf 89' lang='lat' dir='ltr'><strong>ab·</strong></span> 
     </span>
     <span class='ocr_line' id='line_1_21' title="bbox 142 1391 1465 1444; baseline 0.002 -12"><span class='ocrx_word' id='word_1_188' title='bbox 142 1394 279 1433; x_wconf 74' lang='lat' dir='ltr'><strong>estR</strong></span> <span class='ocrx_word' id='word_1_189' title='bbox 308 1399 351 1433; x_wconf 89' lang='lat' dir='ltr'><strong>et</strong></span> <span class='ocrx_word' id='word_1_190' title='bbox 366 1391 527 1433; x_wconf 82' lang='lat' dir='ltr'><strong>Paris.</strong></span> <span class='ocrx_word' id='word_1_191' title='bbox 554 1392 805 1444; x_wconf 90' lang='lat' dir='ltr'><strong>meritoque</strong></span> <span class='ocrx_word' id='word_1_192' title='bbox 830 1392 1011 1433; x_wconf 47' lang='lat' dir='ltr'><strong>abieci?</strong></span> <span class='ocrx_word' id='word_1_193' title='bbox 1023 1406 1128 1433; x_wconf 91' lang='lat' dir='ltr'><strong>eum</strong></span> <span class='ocrx_word' id='word_1_194' title='bbox 1157 1394 1309 1434; x_wconf 71' lang='lat' dir='ltr'><strong>Wess.</strong></span> <span class='ocrx_word' id='word_1_195' title='bbox 1366 1394 1396 1434; x_wconf 84' lang='lat' dir='ltr'><strong>l.</strong></span> <span class='ocrx_word' id='word_1_196' title='bbox 1424 1407 1465 1444; x_wconf 74' lang='lat'><strong>4.</strong></span> 
     </span>
     <span class='ocr_line' id='line_1_22' title="bbox 142 1446 1462 1502; baseline 0.003 -15"><span class='ocrx_word' id='word_1_197' title='bbox 142 1465 189 1494; x_wconf 83' lang='grc' dir='ltr'><strong>μι</strong></span> <span class='ocrx_word' id='word_1_198' title='bbox 202 1467 216 1487; x_wconf 95' lang='grc' dir='ltr'><strong>ν</strong></span> <span class='ocrx_word' id='word_1_199' title='bbox 244 1447 325 1499; x_wconf 69' lang='grc' dir='ltr'><strong>ὕδωρ</strong></span> <span class='ocrx_word' id='word_1_200' title='bbox 344 1448 469 1490; x_wconf 80' lang='lat' dir='ltr'><strong>Med.</strong></span> <span class='ocrx_word' id='word_1_201' title='bbox 483 1447 620 1489; x_wconf 80' lang='lat' dir='ltr'><strong>Pass.</strong></span> <span class='ocrx_word' id='word_1_202' title='bbox 635 1448 748 1489; x_wconf 72' lang='lat' dir='ltr'><strong>Ask.</strong></span> <span class='ocrx_word' id='word_1_203' title='bbox 762 1446 926 1490; x_wconf 84' lang='lat' dir='ltr'><strong>Paris.</strong></span> <span class='ocrx_word' id='word_1_204' title='bbox 938 1447 999 1489; x_wconf 88' lang='lat' dir='ltr'><strong>A.</strong></span> <span class='ocrx_word' id='word_1_205' title='bbox 1022 1448 1198 1502; x_wconf 89' lang='lat' dir='ltr'><strong>[noster</strong></span> <span class='ocrx_word' id='word_1_206' title='bbox 1214 1449 1301 1490; x_wconf 78' lang='lat' dir='ltr'><strong>Pe.</strong></span> <span class='ocrx_word' id='word_1_207' title='bbox 1317 1454 1360 1489; x_wconf 84' lang='lat' dir='ltr'><strong>et</strong></span> <span class='ocrx_word' id='word_1_208' title='bbox 1376 1450 1462 1491; x_wconf 83' lang='lat' dir='ltr'><strong>Pb.</strong></span> 
     </span>
     <span class='ocr_line' id='line_1_23' title="bbox 142 1503 1467 1557; baseline 0.003 -14"><span class='ocrx_word' id='word_1_209' title='bbox 142 1517 247 1544; x_wconf 90' lang='lat' dir='ltr'><strong>cum</strong></span> <span class='ocrx_word' id='word_1_210' title='bbox 272 1504 356 1554; x_wconf 88' lang='lat' dir='ltr'><strong>F.]</strong></span> <span class='ocrx_word' id='word_1_211' title='bbox 385 1503 619 1556; x_wconf 72' lang='lat' dir='ltr'><strong>Spernitur</strong></span> <span class='ocrx_word' id='word_1_212' title='bbox 643 1522 700 1551; x_wconf 84' lang='grc' dir='ltr'><strong>μιν</strong></span> <span class='ocrx_word' id='word_1_213' title='bbox 722 1506 800 1545; x_wconf 87' lang='lat' dir='ltr'><strong>abs</strong></span> <span class='ocrx_word' id='word_1_214' title='bbox 822 1504 1024 1557; x_wconf 89' lang='lat' dir='ltr'><strong>reliquis.</strong></span> <span class='ocrx_word' id='word_1_215' title='bbox 1053 1526 1109 1537; x_wconf 92' lang='lat'><strong>--</strong></span> <span class='ocrx_word' id='word_1_216' title='bbox 1143 1505 1279 1544; x_wconf 84' lang='lat' dir='ltr'><strong>Abest</strong></span> <span class='ocrx_word' id='word_1_217' title='bbox 1302 1506 1467 1547; x_wconf 79' lang='lat' dir='ltr'><strong>nostris</strong></span> 
     </span>
     <span class='ocr_line' id='line_1_24' title="bbox 140 1559 1462 1614; baseline 0 -13"><span class='ocrx_word' id='word_1_218' title='bbox 140 1560 232 1601; x_wconf 79' lang='lat' dir='ltr'><strong>Pa.</strong></span> <span class='ocrx_word' id='word_1_219' title='bbox 251 1559 341 1600; x_wconf 86' lang='lat' dir='ltr'><strong>Pd.</strong></span> <span class='ocrx_word' id='word_1_220' title='bbox 410 1561 442 1600; x_wconf 83' lang='lat' dir='ltr'><strong>l·</strong></span> <span class='ocrx_word' id='word_1_221' title='bbox 464 1562 502 1600; x_wconf 88' lang='grc'><strong>8.</strong></span> <span class='ocrx_word' id='word_1_222' title='bbox 532 1560 612 1605; x_wconf 78' lang='grc' dir='ltr'><strong>ἅμα</strong></span> <span class='ocrx_word' id='word_1_223' title='bbox 638 1559 868 1614; x_wconf 75' lang='grc' dir='ltr'><strong>στρατευομ.)</strong></span> <span class='ocrx_word' id='word_1_224' title='bbox 897 1561 1043 1601; x_wconf 79' lang='lat' dir='ltr'><strong>Abest</strong></span> <span class='ocrx_word' id='word_1_225' title='bbox 1069 1560 1149 1606; x_wconf 72' lang='grc' dir='ltr'><strong>ἅμα</strong></span> <span class='ocrx_word' id='word_1_226' title='bbox 1176 1560 1301 1601; x_wconf 85' lang='lat' dir='ltr'><strong>Med.</strong></span> <span class='ocrx_word' id='word_1_227' title='bbox 1323 1562 1462 1603; x_wconf 76' lang='lat' dir='ltr'><strong>Pass-</strong></span> 
     </span>
     <span class='ocr_line' id='line_1_25' title="bbox 140 1614 1460 1670; baseline 0.001 -13"><span class='ocrx_word' id='word_1_228' title='bbox 140 1614 253 1657; x_wconf 74' lang='lat' dir='ltr'><strong>Ask.</strong></span> <span class='ocrx_word' id='word_1_229' title='bbox 276 1637 330 1646; x_wconf 88' lang='lat'><em>-</em></span> <span class='ocrx_word' id='word_1_230' title='bbox 351 1616 463 1656; x_wconf 56' lang='lat' dir='ltr'><strong>ciffi-&#39;-</strong></span> <span class='ocrx_word' id='word_1_231' title='bbox 478 1615 566 1658; x_wconf 83' lang='lat' dir='ltr'><strong>Pb.</strong></span> <span class='ocrx_word' id='word_1_232' title='bbox 627 1617 655 1655; x_wconf 79' lang='grc' dir='ltr'><strong>ἶ.</strong></span> <span class='ocrx_word' id='word_1_233' title='bbox 677 1632 716 1670; x_wconf 87' lang='lat'><strong>9.</strong></span> <span class='ocrx_word' id='word_1_234' title='bbox 744 1622 828 1658; x_wconf 78' lang='grc' dir='ltr'>τοῖσι</span> <span class='ocrx_word' id='word_1_235' title='bbox 848 1617 879 1657; x_wconf 66' lang='grc' dir='ltr'><strong>δὲ</strong></span> <span class='ocrx_word' id='word_1_236' title='bbox 899 1621 980 1656; x_wconf 76' lang='grc' dir='ltr'>σῖτα</span> <span class='ocrx_word' id='word_1_237' title='bbox 996 1615 1146 1657; x_wconf 78' lang='grc' dir='ltr'><strong>ΛΙὊῘὶ.</strong></span> <span class='ocrx_word' id='word_1_238' title='bbox 1163 1614 1460 1658; x_wconf 81' lang='lat' dir='ltr'><strong>Vind.Pass.</strong></span> 
     </span>
     <span class='ocr_line' id='line_1_26' title="bbox 139 1668 1463 1726; baseline 0.002 -15"><span class='ocrx_word' id='word_1_239' title='bbox 139 1670 255 1711; x_wconf 73' lang='lat' dir='ltr'><strong>Ask.</strong></span> <span class='ocrx_word' id='word_1_240' title='bbox 269 1668 397 1712; x_wconf 81' lang='lat' dir='ltr'><strong>Brit.</strong></span> <span class='ocrx_word' id='word_1_241' title='bbox 413 1669 575 1714; x_wconf 73' lang='lat' dir='ltr'><strong>Paris.</strong></span> <span class='ocrx_word' id='word_1_242' title='bbox 594 1672 655 1713; x_wconf 84' lang='lat' dir='ltr'><strong>A.</strong></span> <span class='ocrx_word' id='word_1_243' title='bbox 677 1674 734 1714; x_wconf 86' lang='lat' dir='ltr'><strong>B.</strong></span> <span class='ocrx_word' id='word_1_244' title='bbox 763 1671 894 1726; x_wconf 90' lang='lat' dir='ltr'><strong>[cum</strong></span> <span class='ocrx_word' id='word_1_245' title='bbox 920 1673 1097 1712; x_wconf 88' lang='lat' dir='ltr'><strong>duobus</strong></span> <span class='ocrx_word' id='word_1_246' title='bbox 1117 1671 1216 1712; x_wconf 87' lang='lat' dir='ltr'><strong>aliis</strong></span> <span class='ocrx_word' id='word_1_247' title='bbox 1231 1671 1391 1713; x_wconf 71' lang='lat' dir='ltr'><strong>Paris.</strong></span> <span class='ocrx_word' id='word_1_248' title='bbox 1419 1680 1463 1714; x_wconf 84' lang='lat' dir='ltr'><strong>et</strong></span> 
     </span>
     <span class='ocr_line' id='line_1_27' title="bbox 139 1726 1461 1782; baseline 0.004 -16"><span class='ocrx_word' id='word_1_249' title='bbox 139 1727 219 1777; x_wconf 71' lang='lat' dir='ltr'><strong>R]</strong></span> <span class='ocrx_word' id='word_1_250' title='bbox 238 1732 324 1767; x_wconf 74' lang='grc' dir='ltr'>τοῖσι</span> <span class='ocrx_word' id='word_1_251' title='bbox 341 1726 369 1766; x_wconf 75' lang='grc' dir='ltr'><strong>δ’</strong></span> <span class='ocrx_word' id='word_1_252' title='bbox 389 1730 417 1772; x_wconf 80' lang='grc' dir='ltr'><strong>ἐς</strong></span> <span class='ocrx_word' id='word_1_253' title='bbox 435 1732 517 1768; x_wconf 72' lang='grc' dir='ltr'><strong>σῖτα.</strong></span> <span class='ocrx_word' id='word_1_254' title='bbox 530 1728 655 1768; x_wconf 81' lang='lat' dir='ltr'><strong>Med.</strong></span> <span class='ocrx_word' id='word_1_255' title='bbox 671 1731 805 1782; x_wconf 84' lang='lat' dir='ltr'><strong>solus,</strong></span> <span class='ocrx_word' id='word_1_256' title='bbox 823 1735 864 1769; x_wconf 86' lang='lat' dir='ltr'><strong>et</strong></span> <span class='ocrx_word' id='word_1_257' title='bbox 879 1726 956 1768; x_wconf 84' lang='lat' dir='ltr'><strong>hic</strong></span> <span class='ocrx_word' id='word_1_258' title='bbox 972 1727 1155 1780; x_wconf 90' lang='lat' dir='ltr'><strong>quidem</strong></span> <span class='ocrx_word' id='word_1_259' title='bbox 1169 1730 1461 1781; x_wconf 87' lang='lat' dir='ltr'><strong>spernendus.</strong></span> 
     </span>
     <span class='ocr_line' id='line_1_28' title="bbox 139 1781 1241 1840; baseline 0.002 -19"><span class='ocrx_word' id='word_1_260' title='bbox 139 1805 196 1814; x_wconf 95' lang='grc'><strong>--</strong></span> <span class='ocrx_word' id='word_1_261' title='bbox 222 1795 358 1834; x_wconf 87' lang='lat' dir='ltr'><strong>quem</strong></span> <span class='ocrx_word' id='word_1_262' title='bbox 379 1781 562 1833; x_wconf 87' lang='lat' dir='ltr'><strong>quidem</strong></span> <span class='ocrx_word' id='word_1_263' title='bbox 586 1783 795 1840; x_wconf 77' lang='lat' dir='ltr'><strong>religiose</strong></span> <span class='ocrx_word' id='word_1_264' title='bbox 815 1792 989 1824; x_wconf 82' lang='lat' dir='ltr'><strong>secutus</strong></span> <span class='ocrx_word' id='word_1_265' title='bbox 1015 1790 1077 1824; x_wconf 85' lang='lat' dir='ltr'><strong>est</strong></span> <span class='ocrx_word' id='word_1_266' title='bbox 1095 1783 1241 1823; x_wconf 84' lang='lat' dir='ltr'><strong>Gron.</strong></span> 
     </span>
    </p>

    <p class='ocr_par' dir='ltr' id='par_1_4' title="bbox 134 1836 1460 2559">
     <span class='ocr_line' id='line_1_29' title="bbox 194 1836 1459 1891; baseline 0.001 -11"><span class='ocrx_word' id='word_1_267' title='bbox 194 1837 346 1880; x_wconf 83' lang='lat' dir='ltr'><em>CAP·</em></span> <span class='ocrx_word' id='word_1_268' title='bbox 372 1838 538 1879; x_wconf 75' lang='lat' dir='ltr'><em>XXII·</em></span> <span class='ocrx_word' id='word_1_269' title='bbox 570 1836 677 1880; x_wconf 76' lang='lat' dir='ltr'><strong>Lin.</strong></span> <span class='ocrx_word' id='word_1_270' title='bbox 706 1856 742 1881; x_wconf 79' lang='lat'><strong>1.</strong></span> <span class='ocrx_word' id='word_1_271' title='bbox 770 1837 1106 1891; x_wconf 63' lang='grc' dir='ltr'><strong>προσπταισάντων)</strong></span> <span class='ocrx_word' id='word_1_272' title='bbox 1131 1838 1348 1879; x_wconf 63' lang='grc' dir='ltr'>πταισάντων</span> <span class='ocrx_word' id='word_1_273' title='bbox 1380 1854 1459 1881; x_wconf 81' lang='lat' dir='ltr'><strong>ora</strong></span> 
     </span>
     <span class='ocr_line' id='line_1_30' title="bbox 139 1892 1460 1948; baseline 0 -14"><span class='ocrx_word' id='word_1_274' title='bbox 139 1892 295 1946; x_wconf 74' lang='lat' dir='ltr'><strong>Steph.</strong></span> <span class='ocrx_word' id='word_1_275' title='bbox 316 1895 455 1935; x_wconf 77' lang='lat' dir='ltr'><strong>Pass.</strong></span> <span class='ocrx_word' id='word_1_276' title='bbox 485 1918 539 1926; x_wconf 93' lang='lat'><strong>—</strong></span> <span class='ocrx_word' id='word_1_277' title='bbox 569 1902 612 1935; x_wconf 79' lang='lat' dir='ltr'><strong>et</strong></span> <span class='ocrx_word' id='word_1_278' title='bbox 636 1895 693 1935; x_wconf 81' lang='lat' dir='ltr'><strong>F.</strong></span> <span class='ocrx_word' id='word_1_279' title='bbox 763 1897 795 1936; x_wconf 89' lang='lat' dir='ltr'><strong>l.</strong></span> <span class='ocrx_word' id='word_1_280' title='bbox 819 1909 857 1936; x_wconf 84' lang='lat'><strong>2.</strong></span> <span class='ocrx_word' id='word_1_281' title='bbox 885 1900 956 1945; x_wconf 73' lang='grc' dir='ltr'><strong>περὶ</strong></span> <span class='ocrx_word' id='word_1_282' title='bbox 986 1892 1188 1946; x_wconf 75' lang='grc' dir='ltr'>τδν”Αθων)</span> <span class='ocrx_word' id='word_1_283' title='bbox 1218 1894 1365 1935; x_wconf 68' lang='lat' dir='ltr'><strong>Abest</strong></span> <span class='ocrx_word' id='word_1_284' title='bbox 1387 1902 1460 1948; x_wconf 75' lang='grc' dir='ltr'><strong>περὶ</strong></span> 
     </span>
     <span class='ocr_line' id='line_1_31' title="bbox 139 1947 1460 1992; baseline 0.002 -2"><span class='ocrx_word' id='word_1_285' title='bbox 139 1948 252 1990; x_wconf 74' lang='lat' dir='ltr'><strong>Ask.</strong></span> <span class='ocrx_word' id='word_1_286' title='bbox 276 1957 326 1989; x_wconf 87' lang='lat' dir='ltr'><strong>ut</strong></span> <span class='ocrx_word' id='word_1_287' title='bbox 344 1950 426 1990; x_wconf 91' lang='lat' dir='ltr'><strong>lib.</strong></span> <span class='ocrx_word' id='word_1_288' title='bbox 450 1951 529 1991; x_wconf 91' lang='lat' dir='ltr'><strong>VI.</strong></span> <span class='ocrx_word' id='word_1_289' title='bbox 559 1953 650 1991; x_wconf 85' lang='lat'>116.</span> <span class='ocrx_word' id='word_1_290' title='bbox 670 1952 760 1992; x_wconf 69' lang='grc' dir='ltr'><strong>’Ἄθω</strong></span> <span class='ocrx_word' id='word_1_291' title='bbox 784 1950 939 1992; x_wconf 86' lang='lat' dir='ltr'><strong>scribit</strong></span> <span class='ocrx_word' id='word_1_292' title='bbox 970 1947 1116 1990; x_wconf 84' lang='lat' dir='ltr'><strong>Vind.</strong></span> <span class='ocrx_word' id='word_1_293' title='bbox 1145 1973 1200 1980; x_wconf 95' lang='lat'><strong>—</strong></span> <span class='ocrx_word' id='word_1_294' title='bbox 1230 1956 1273 1990; x_wconf 81' lang='lat' dir='ltr'><strong>et</strong></span> <span class='ocrx_word' id='word_1_295' title='bbox 1297 1952 1387 1992; x_wconf 86' lang='lat' dir='ltr'><strong>Pd.</strong></span> <span class='ocrx_word' id='word_1_296' title='bbox 1417 1959 1460 1992; x_wconf 90' lang='lat' dir='ltr'><strong>et</strong></span> 
     </span>
     <span class='ocr_line' id='line_1_32' title="bbox 139 2003 1457 2060; baseline 0.003 -17"><span class='ocrx_word' id='word_1_297' title='bbox 139 2014 248 2044; x_wconf 77' lang='lat' dir='ltr'><strong>mox</strong></span> <span class='ocrx_word' id='word_1_298' title='bbox 264 2004 445 2045; x_wconf 66' lang='lat' dir='ltr'><strong>iterum·</strong></span> <span class='ocrx_word' id='word_1_299' title='bbox 501 2003 624 2046; x_wconf 71' lang='lat' dir='ltr'><strong>[bid.</strong></span> <span class='ocrx_word' id='word_1_300' title='bbox 648 2010 691 2047; x_wconf 77' lang='grc' dir='ltr'><strong>ἐκ</strong></span> <span class='ocrx_word' id='word_1_301' title='bbox 711 2010 806 2059; x_wconf 68' lang='grc' dir='ltr'>τριῶν</span> <span class='ocrx_word' id='word_1_302' title='bbox 825 2005 946 2060; x_wconf 77' lang='grc' dir='ltr'>ἐτέων)</span> <span class='ocrx_word' id='word_1_303' title='bbox 963 2005 1036 2045; x_wconf 79' lang='lat' dir='ltr'><strong>Sic</strong></span> <span class='ocrx_word' id='word_1_304' title='bbox 1054 2005 1179 2046; x_wconf 72' lang='lat' dir='ltr'><strong>JWed.</strong></span> <span class='ocrx_word' id='word_1_305' title='bbox 1193 2006 1330 2046; x_wconf 78' lang='lat' dir='ltr'><strong>Pass-</strong></span> <span class='ocrx_word' id='word_1_306' title='bbox 1343 2007 1457 2048; x_wconf 68' lang='lat' dir='ltr'><strong>Ask.</strong></span> 
     </span>
     <span class='ocr_line' id='line_1_33' title="bbox 138 2057 1460 2114; baseline 0.002 -15"><span class='ocrx_word' id='word_1_307' title='bbox 138 2057 213 2113; x_wconf 83' lang='lat' dir='ltr'><strong>[F.</strong></span> <span class='ocrx_word' id='word_1_308' title='bbox 227 2061 316 2101; x_wconf 84' lang='lat' dir='ltr'><strong>Pa.</strong></span> <span class='ocrx_word' id='word_1_309' title='bbox 332 2061 419 2102; x_wconf 84' lang='lat' dir='ltr'><strong>Pb.</strong></span> <span class='ocrx_word' id='word_1_310' title='bbox 436 2062 550 2111; x_wconf 85' lang='lat' dir='ltr'><em>Pd.]</em></span> <span class='ocrx_word' id='word_1_311' title='bbox 568 2063 701 2103; x_wconf 86' lang='lat' dir='ltr'><strong>belle.</strong></span> <span class='ocrx_word' id='word_1_312' title='bbox 735 2063 800 2114; x_wconf 68' lang='grc' dir='ltr'><strong>πρὲ</strong></span> <span class='ocrx_word' id='word_1_313' title='bbox 820 2081 870 2113; x_wconf 71' lang='grc' dir='ltr'><strong>τρ.</strong></span> <span class='ocrx_word' id='word_1_314' title='bbox 892 2065 939 2102; x_wconf 81' lang='grc' dir='ltr'><strong>ἔτ.</strong></span> <span class='ocrx_word' id='word_1_315' title='bbox 965 2061 1099 2101; x_wconf 84' lang='lat' dir='ltr'><strong>ceteri</strong></span> <span class='ocrx_word' id='word_1_316' title='bbox 1122 2075 1224 2101; x_wconf 89' lang='lat' dir='ltr'><strong>cum</strong></span> <span class='ocrx_word' id='word_1_317' title='bbox 1241 2061 1384 2104; x_wconf 84' lang='lat' dir='ltr'><em>Aldo.</em></span> <span class='ocrx_word' id='word_1_318' title='bbox 1405 2087 1460 2094; x_wconf 89' lang='lat'><strong>—-</strong></span> 
     </span>
     <span class='ocr_line' id='line_1_34' title="bbox 137 2115 1457 2169; baseline 0.004 -14"><span class='ocrx_word' id='word_1_319' title='bbox 137 2115 210 2155; x_wconf 84' lang='lat' dir='ltr'><strong>Sic</strong></span> <span class='ocrx_word' id='word_1_320' title='bbox 240 2117 325 2157; x_wconf 79' lang='lat' dir='ltr'><strong>Pe.</strong></span> <span class='ocrx_word' id='word_1_321' title='bbox 400 2118 431 2157; x_wconf 91' lang='lat' dir='ltr'><strong>l.</strong></span> <span class='ocrx_word' id='word_1_322' title='bbox 462 2121 499 2160; x_wconf 79' lang='lat'><strong>3.</strong></span> <span class='ocrx_word' id='word_1_323' title='bbox 531 2137 591 2158; x_wconf 78' lang='grc' dir='ltr'><strong>κου</strong></span> <span class='ocrx_word' id='word_1_324' title='bbox 619 2120 779 2164; x_wconf 54' lang='grc' dir='ltr'><strong>μάλιστα</strong></span> <span class='ocrx_word' id='word_1_325' title='bbox 804 2118 928 2158; x_wconf 84' lang='lat' dir='ltr'><strong>Med.</strong></span> <span class='ocrx_word' id='word_1_326' title='bbox 954 2118 1092 2158; x_wconf 83' lang='lat' dir='ltr'><strong>Pass.</strong></span> <span class='ocrx_word' id='word_1_327' title='bbox 1112 2116 1226 2157; x_wconf 72' lang='lat' dir='ltr'><strong>Ask.</strong></span> <span class='ocrx_word' id='word_1_328' title='bbox 1256 2119 1341 2169; x_wconf 81' lang='lat' dir='ltr'><strong>[F.</strong></span> <span class='ocrx_word' id='word_1_329' title='bbox 1371 2121 1457 2160; x_wconf 79' lang='lat' dir='ltr'><strong>Pe.</strong></span> 
     </span>
     <span class='ocr_line' id='line_1_35' title="bbox 137 2171 1455 2221; baseline 0.001 -9"><span class='ocrx_word' id='word_1_330' title='bbox 137 2171 227 2212; x_wconf 84' lang='lat' dir='ltr'><strong>Pb.</strong></span> <span class='ocrx_word' id='word_1_331' title='bbox 256 2171 378 2221; x_wconf 85' lang='lat' dir='ltr'><em>Pd.]</em></span> <span class='ocrx_word' id='word_1_332' title='bbox 419 2178 478 2213; x_wconf 77' lang='grc' dir='ltr'><strong>καὶ</strong></span> <span class='ocrx_word' id='word_1_333' title='bbox 503 2174 665 2219; x_wconf 62' lang='grc' dir='ltr'><strong>μείλια-τοι</strong></span> <span class='ocrx_word' id='word_1_334' title='bbox 693 2173 827 2214; x_wconf 85' lang='lat' dir='ltr'><strong>ceteri</strong></span> <span class='ocrx_word' id='word_1_335' title='bbox 859 2188 960 2214; x_wconf 88' lang='lat' dir='ltr'><strong>cum</strong></span> <span class='ocrx_word' id='word_1_336' title='bbox 994 2173 1132 2213; x_wconf 87' lang='lat' dir='ltr'><strong>Aldo.</strong></span> <span class='ocrx_word' id='word_1_337' title='bbox 1172 2195 1226 2204; x_wconf 87' lang='lat'><strong>—·</strong></span> <span class='ocrx_word' id='word_1_338' title='bbox 1267 2173 1340 2214; x_wconf 85' lang='lat' dir='ltr'><strong>Sic</strong></span> <span class='ocrx_word' id='word_1_339' title='bbox 1368 2177 1455 2216; x_wconf 83' lang='lat' dir='ltr'><strong>Pa.</strong></span> 
     </span>
     <span class='ocr_line' id='line_1_36' title="bbox 137 2227 1455 2281; baseline 0.003 -15"><span class='ocrx_word' id='word_1_340' title='bbox 137 2227 313 2267; x_wconf 88' lang='lat' dir='ltr'><strong>Deinde</strong></span> <span class='ocrx_word' id='word_1_341' title='bbox 339 2241 478 2279; x_wconf 91' lang='lat' dir='ltr'><strong>quum</strong></span> <span class='ocrx_word' id='word_1_342' title='bbox 504 2229 674 2270; x_wconf 82' lang='lat' dir='ltr'><strong>defecta</strong></span> <span class='ocrx_word' id='word_1_343' title='bbox 698 2229 812 2270; x_wconf 88' lang='lat' dir='ltr'><strong>mihi</strong></span> <span class='ocrx_word' id='word_1_344' title='bbox 837 2230 1065 2269; x_wconf 77' lang='lat' dir='ltr'><strong>videretur</strong></span> <span class='ocrx_word' id='word_1_345' title='bbox 1088 2243 1180 2269; x_wconf 83' lang='lat' dir='ltr'><strong>esse</strong></span> <span class='ocrx_word' id='word_1_346' title='bbox 1205 2229 1374 2281; x_wconf 86' lang='lat' dir='ltr'><strong>oratio,</strong></span> <span class='ocrx_word' id='word_1_347' title='bbox 1401 2244 1455 2270; x_wconf 85' lang='lat' dir='ltr'><strong>co</strong></span> 
     </span>
     <span class='ocr_line' id='line_1_37' title="bbox 138 2283 1456 2337; baseline 0.003 -15"><span class='ocrx_word' id='word_1_348' title='bbox 138 2283 286 2323; x_wconf 88' lang='lat' dir='ltr'><strong>minus</strong></span> <span class='ocrx_word' id='word_1_349' title='bbox 317 2283 524 2324; x_wconf 81' lang='lat' dir='ltr'><strong>dubitavi</strong></span> <span class='ocrx_word' id='word_1_350' title='bbox 557 2287 604 2325; x_wconf 68' lang='lat' dir='ltr'><strong>m*</strong></span> <span class='ocrx_word' id='word_1_351' title='bbox 637 2286 875 2326; x_wconf 86' lang='lat' dir='ltr'><strong>articulum</strong></span> <span class='ocrx_word' id='word_1_352' title='bbox 910 2283 1126 2337; x_wconf 80' lang='lat' dir='ltr'><strong>adiicere,</strong></span> <span class='ocrx_word' id='word_1_353' title='bbox 1157 2298 1247 2336; x_wconf 92' lang='lat' dir='ltr'><strong>quo</strong></span> <span class='ocrx_word' id='word_1_354' title='bbox 1280 2284 1456 2326; x_wconf 83' lang='lat' dir='ltr'><strong>facilius</strong></span> 
     </span>
     <span class='ocr_line' id='line_1_38' title="bbox 134 2339 1454 2394; baseline 0.002 -16"><span class='ocrx_word' id='word_1_355' title='bbox 134 2339 214 2379; x_wconf 89' lang='lat' dir='ltr'><strong>ille</strong></span> <span class='ocrx_word' id='word_1_356' title='bbox 248 2340 304 2379; x_wconf 91' lang='lat' dir='ltr'><strong>ab</strong></span> <span class='ocrx_word' id='word_1_357' title='bbox 338 2340 496 2379; x_wconf 79' lang='lat' dir='ltr'><strong>ultima</strong></span> <span class='ocrx_word' id='word_1_358' title='bbox 531 2342 705 2392; x_wconf 87' lang='lat' dir='ltr'><strong>syllaba</strong></span> <span class='ocrx_word' id='word_1_359' title='bbox 730 2340 1037 2394; x_wconf 79' lang='lat' dir='ltr'><strong>praecedentis</strong></span> <span class='ocrx_word' id='word_1_360' title='bbox 1070 2340 1193 2381; x_wconf 85' lang='lat' dir='ltr'><strong>vocis</strong></span> <span class='ocrx_word' id='word_1_361' title='bbox 1227 2341 1454 2381; x_wconf 77' lang='lat' dir='ltr'><strong>absorberi</strong></span> 
     </span>
     <span class='ocr_line' id='line_1_39' title="bbox 135 2393 1453 2448; baseline 0.002 -14"><span class='ocrx_word' id='word_1_362' title='bbox 135 2401 356 2448; x_wconf 81' lang='lat' dir='ltr'><strong>potuerat.</strong></span> <span class='ocrx_word' id='word_1_363' title='bbox 413 2393 535 2436; x_wconf 84' lang='lat' dir='ltr'><strong>Ibid.</strong></span> <span class='ocrx_word' id='word_1_364' title='bbox 547 2398 737 2438; x_wconf 72' lang='grc' dir='ltr'>’Ἐλαιοῦντι</span> <span class='ocrx_word' id='word_1_365' title='bbox 750 2398 874 2438; x_wconf 85' lang='lat' dir='ltr'><strong>Med.</strong></span> <span class='ocrx_word' id='word_1_366' title='bbox 886 2397 999 2437; x_wconf 77' lang='lat' dir='ltr'><strong>Ask.</strong></span> <span class='ocrx_word' id='word_1_367' title='bbox 1010 2397 1147 2437; x_wconf 76' lang='lat' dir='ltr'><strong>Pass.</strong></span> <span class='ocrx_word' id='word_1_368' title='bbox 1163 2398 1220 2444; x_wconf 84' lang='lat' dir='ltr'><strong>[et</strong></span> <span class='ocrx_word' id='word_1_369' title='bbox 1233 2397 1289 2436; x_wconf 87' lang='lat' dir='ltr'><strong>F.</strong></span> <span class='ocrx_word' id='word_1_370' title='bbox 1304 2398 1453 2436; x_wconf 80' lang='lat' dir='ltr'><strong>nescio</strong></span> 
     </span>
     <span class='ocr_line' id='line_1_40' title="bbox 136 2448 1453 2505; baseline 0.002 -16"><span class='ocrx_word' id='word_1_371' title='bbox 136 2464 192 2489; x_wconf 87' lang='lat' dir='ltr'><strong>an</strong></span> <span class='ocrx_word' id='word_1_372' title='bbox 216 2448 393 2500; x_wconf 83' lang='lat' dir='ltr'><strong>Paris.]</strong></span> <span class='ocrx_word' id='word_1_373' title='bbox 424 2452 590 2492; x_wconf 70' lang='grc' dir='ltr'>Ἐλεοῦντι</span> <span class='ocrx_word' id='word_1_374' title='bbox 617 2451 694 2492; x_wconf 93' lang='lat' dir='ltr'><strong>alii</strong></span> <span class='ocrx_word' id='word_1_375' title='bbox 721 2467 822 2493; x_wconf 89' lang='lat' dir='ltr'><strong>cum</strong></span> <span class='ocrx_word' id='word_1_376' title='bbox 842 2453 952 2494; x_wconf 84' lang='lat' dir='ltr'><strong>Ald.</strong></span> <span class='ocrx_word' id='word_1_377' title='bbox 1023 2453 1052 2490; x_wconf 90' lang='lat' dir='ltr'><strong>l.</strong></span> <span class='ocrx_word' id='word_1_378' title='bbox 1074 2458 1121 2494; x_wconf 67' lang='grc' dir='ltr'><strong>ι5.</strong></span> <span class='ocrx_word' id='word_1_379' title='bbox 1149 2452 1216 2491; x_wconf 73' lang='lat' dir='ltr'><strong><em>v‘no&#39;</em></strong></span> <span class='ocrx_word' id='word_1_380' title='bbox 1243 2450 1453 2505; x_wconf 62' lang='grc' dir='ltr'>μαστίγων)</span> 
     </span>
     <span class='ocr_line' id='line_1_41' title="bbox 137 2504 1455 2559; baseline 0.001 -13"><span class='ocrx_word' id='word_1_381' title='bbox 137 2506 365 2553; x_wconf 58' lang='lat' dir='ltr'><strong>:incuria-7172</strong></span> <span class='ocrx_word' id='word_1_382' title='bbox 380 2507 528 2547; x_wconf 72' lang='grc' dir='ltr'><strong>ΑΓοῆ.</strong></span> <span class='ocrx_word' id='word_1_383' title='bbox 584 2508 612 2546; x_wconf 90' lang='lat' dir='ltr'><strong>l.</strong></span> <span class='ocrx_word' id='word_1_384' title='bbox 631 2521 669 2559; x_wconf 87' lang='lat'><strong>7.</strong></span> <span class='ocrx_word' id='word_1_385' title='bbox 684 2508 853 2559; x_wconf 61' lang='grc' dir='ltr'><strong>Βουβάρης</strong></span> <span class='ocrx_word' id='word_1_386' title='bbox 865 2507 1014 2550; x_wconf 72' lang='lat' dir='ltr'><strong><em>Arch·</em></strong></span> <span class='ocrx_word' id='word_1_387' title='bbox 1033 2504 1178 2548; x_wconf 80' lang='lat' dir='ltr'><strong>Vind-</strong></span> <span class='ocrx_word' id='word_1_388' title='bbox 1193 2506 1455 2549; x_wconf 64' lang='lat' dir='ltr'><strong>AsR-Pass.</strong></span> 
     </span>
    </p>
   </div>
  </div>
 </body>
</html>
