<?xml version="1.0" encoding="UTF-8"?>
<!DOCTYPE html PUBLIC "-//W3C//DTD XHTML 1.0 Transitional//EN"
    "http://www.w3.org/TR/xhtml1/DTD/xhtml1-transitional.dtd">
<html xmlns="http://www.w3.org/1999/xhtml" xml:lang="en" lang="en">
 <head>
  <title>
</title>
<meta http-equiv="Content-Type" content="text/html;charset=utf-8" />
  <meta name='ocr-system' content='tesseract 3.04.00' />
  <meta name='ocr-capabilities' content='ocr_page ocr_carea ocr_par ocr_line ocrx_word'/>
</head>
<body>
  <div class='ocr_page' id='page_1' title='image "./musaesivehistori03hero/musaesivehistori03hero_0437.png"; bbox 0 0 1752 3042; ppageno 0'>
   <div class='ocr_carea' id='block_1_1' title="bbox 261 256 1374 311">
    <p class='ocr_par' dir='ltr' id='par_1_1' title="bbox 261 256 1374 311">
     <span class='ocr_line' id='line_1_1' title="bbox 261 256 1374 311; baseline -0.001 -3"><span class='ocrx_word' id='word_1_1' title='bbox 261 261 349 308; x_wconf 89' lang='lat' dir='ltr'><strong>IN</strong></span> <span class='ocrx_word' id='word_1_2' title='bbox 385 257 827 308; x_wconf 91' lang='lat' dir='ltr'><strong>HERODOTI</strong></span> <span class='ocrx_word' id='word_1_3' title='bbox 862 256 1012 305; x_wconf 63' lang='grc' dir='ltr'><strong>ΕΓΒ.</strong></span> <span class='ocrx_word' id='word_1_4' title='bbox 1047 257 1158 311; x_wconf 87' lang='lat' dir='ltr'><strong>VI.</strong></span> <span class='ocrx_word' id='word_1_5' title='bbox 1316 273 1374 308; x_wconf 80' lang='lat'><strong>21</strong></span> 
     </span>
    </p>
   </div>
   <div class='ocr_carea' id='block_1_2' title="bbox 44 369 1382 2594">
    <p class='ocr_par' dir='ltr' id='par_1_2' title="bbox 59 369 1382 816">
     <span class='ocr_line' id='line_1_2' title="bbox 60 369 1382 430; baseline -0.002 -15"><span class='ocrx_word' id='word_1_6' title='bbox 60 373 131 415; x_wconf 79' lang='lat' dir='ltr'><strong>At</strong></span> <span class='ocrx_word' id='word_1_7' title='bbox 148 374 269 427; x_wconf 87' lang='lat' dir='ltr'><strong>apud</strong></span> <span class='ocrx_word' id='word_1_8' title='bbox 295 375 503 415; x_wconf 88' lang='lat' dir='ltr'><strong>eumdem</strong></span> <span class='ocrx_word' id='word_1_9' title='bbox 523 372 693 430; x_wconf 78' lang='lat' dir='ltr'><strong>Polyb,</strong></span> <span class='ocrx_word' id='word_1_10' title='bbox 721 373 852 413; x_wconf 88' lang='lat' dir='ltr'><strong>codd.</strong></span> <span class='ocrx_word' id='word_1_11' title='bbox 873 371 998 412; x_wconf 86' lang='lat' dir='ltr'><strong>mssti</strong></span> <span class='ocrx_word' id='word_1_12' title='bbox 1023 384 1179 412; x_wconf 88' lang='lat' dir='ltr'><strong>omnes</strong></span> <span class='ocrx_word' id='word_1_13' title='bbox 1204 369 1252 411; x_wconf 87' lang='lat' dir='ltr'><strong>in</strong></span> <span class='ocrx_word' id='word_1_14' title='bbox 1274 371 1382 412; x_wconf 85' lang='lat' dir='ltr'><strong>scri-</strong></span> 
     </span>
     <span class='ocr_line' id='line_1_3' title="bbox 62 427 1377 483; baseline -0.002 -13"><span class='ocrx_word' id='word_1_15' title='bbox 62 436 241 483; x_wconf 85' lang='lat' dir='ltr'><strong>pturam</strong></span> <span class='ocrx_word' id='word_1_16' title='bbox 260 428 360 471; x_wconf 73' lang='grc' dir='ltr'><strong><em>δοσίδ.</em></strong></span> <span class='ocrx_word' id='word_1_17' title='bbox 388 428 695 481; x_wconf 87' lang='lat' dir='ltr'><strong>consentiunt,</strong></span> <span class='ocrx_word' id='word_1_18' title='bbox 727 427 860 479; x_wconf 74' lang='lat' dir='ltr'><strong>qu‘am</strong></span> <span class='ocrx_word' id='word_1_19' title='bbox 886 429 1008 481; x_wconf 88' lang='lat' dir='ltr'><strong>apud</strong></span> <span class='ocrx_word' id='word_1_20' title='bbox 1030 427 1268 468; x_wconf 85' lang='lat' dir='ltr'><strong>Herodot.</strong></span> <span class='ocrx_word' id='word_1_21' title='bbox 1290 427 1377 468; x_wconf 88' lang='lat' dir='ltr'><strong>h.l.</strong></span> 
     </span>
     <span class='ocr_line' id='line_1_4' title="bbox 59 481 1382 538; baseline -0.003 -12"><span class='ocrx_word' id='word_1_22' title='bbox 59 485 319 538; x_wconf 83' lang='lat' dir='ltr'><strong>praeferunt</strong></span> <span class='ocrx_word' id='word_1_23' title='bbox 348 484 454 525; x_wconf 86' lang='lat' dir='ltr'><strong>item</strong></span> <span class='ocrx_word' id='word_1_24' title='bbox 486 497 664 536; x_wconf 86' lang='lat' dir='ltr'><strong>omnes,</strong></span> <span class='ocrx_word' id='word_1_25' title='bbox 700 497 792 523; x_wconf 91' lang='lat' dir='ltr'><strong>uno</strong></span> <span class='ocrx_word' id='word_1_26' title='bbox 821 481 969 523; x_wconf 80' lang='lat' dir='ltr'><strong>Arch.</strong></span> <span class='ocrx_word' id='word_1_27' title='bbox 999 489 1213 535; x_wconf 85' lang='lat' dir='ltr'><strong>excepto:</strong></span> <span class='ocrx_word' id='word_1_28' title='bbox 1245 495 1382 533; x_wconf 90' lang='lat' dir='ltr'><strong>quare</strong></span> 
     </span>
     <span class='ocr_line' id='line_1_5' title="bbox 60 535 1381 592; baseline -0.005 -9"><span class='ocrx_word' id='word_1_29' title='bbox 60 555 160 583; x_wconf 84' lang='lat' dir='ltr'><strong>eam</strong></span> <span class='ocrx_word' id='word_1_30' title='bbox 181 540 496 581; x_wconf 72' lang='lat' dir='ltr'><strong>restituendam</strong></span> <span class='ocrx_word' id='word_1_31' title='bbox 518 538 690 578; x_wconf 91' lang='lat' dir='ltr'><strong>auctori</strong></span> <span class='ocrx_word' id='word_1_32' title='bbox 712 538 882 592; x_wconf 79' lang='lat' dir='ltr'><strong>putavi.</strong></span> <span class='ocrx_word' id='word_1_33' title='bbox 952 539 981 579; x_wconf 89' lang='lat' dir='ltr'><strong>l.</strong></span> <span class='ocrx_word' id='word_1_34' title='bbox 1007 553 1045 590; x_wconf 90' lang='lat'><strong>7.</strong></span> <span class='ocrx_word' id='word_1_35' title='bbox 1071 537 1188 579; x_wconf 71' lang='grc' dir='ltr'><strong>ταῦτα’</strong></span> <span class='ocrx_word' id='word_1_36' title='bbox 1205 535 1270 592; x_wconf 84' lang='grc' dir='ltr'><strong>τε)</strong></span> <span class='ocrx_word' id='word_1_37' title='bbox 1291 539 1381 578; x_wconf 87' lang='lat' dir='ltr'><strong>Ab-</strong></span> 
     </span>
     <span class='ocr_line' id='line_1_6' title="bbox 63 592 1379 648; baseline -0.003 -12"><span class='ocrx_word' id='word_1_38' title='bbox 63 603 127 636; x_wconf 78' lang='lat' dir='ltr'><strong>est</strong></span> <span class='ocrx_word' id='word_1_39' title='bbox 144 613 180 637; x_wconf 78' lang='grc' dir='ltr'><strong>τε</strong></span> <span class='ocrx_word' id='word_1_40' title='bbox 194 596 341 637; x_wconf 77' lang='lat' dir='ltr'><strong>Arch.</strong></span> <span class='ocrx_word' id='word_1_41' title='bbox 397 596 427 634; x_wconf 91' lang='lat' dir='ltr'><strong>l.</strong></span> <span class='ocrx_word' id='word_1_42' title='bbox 443 597 479 635; x_wconf 89' lang='lat'><strong>8.</strong></span> <span class='ocrx_word' id='word_1_43' title='bbox 501 594 612 641; x_wconf 73' lang='grc' dir='ltr'><strong><em>σφέων</em></strong></span> <span class='ocrx_word' id='word_1_44' title='bbox 634 592 829 648; x_wconf 63' lang='grc' dir='ltr'>μετρήσας)</span> <span class='ocrx_word' id='word_1_45' title='bbox 845 594 1012 645; x_wconf 62' lang='grc' dir='ltr'><strong>μετρήσας</strong></span> <span class='ocrx_word' id='word_1_46' title='bbox 1028 597 1134 640; x_wconf 71' lang='grc' dir='ltr'><em>σφέων</em></span> <span class='ocrx_word' id='word_1_47' title='bbox 1150 593 1207 634; x_wconf 67' lang='lat' dir='ltr'><em>R</em></span> <span class='ocrx_word' id='word_1_48' title='bbox 1264 593 1295 633; x_wconf 86' lang='lat' dir='ltr'><strong>l.</strong></span> <span class='ocrx_word' id='word_1_49' title='bbox 1315 605 1379 635; x_wconf 85' lang='lat'><strong>12·</strong></span> 
     </span>
     <span class='ocr_line' id='line_1_7' title="bbox 61 648 1378 704; baseline -0.002 -13"><span class='ocrx_word' id='word_1_50' title='bbox 61 651 130 691; x_wconf 74' lang='grc' dir='ltr'><strong>ἔτι</strong></span> <span class='ocrx_word' id='word_1_51' title='bbox 151 655 223 691; x_wconf 74' lang='grc' dir='ltr'><strong>καὶ</strong></span> <span class='ocrx_word' id='word_1_52' title='bbox 251 650 408 704; x_wconf 87' lang='lat' dir='ltr'><strong>scripsi</strong></span> <span class='ocrx_word' id='word_1_53' title='bbox 430 663 530 689; x_wconf 88' lang='lat' dir='ltr'><strong>cum</strong></span> <span class='ocrx_word' id='word_1_54' title='bbox 553 649 609 690; x_wconf 83' lang='lat' dir='ltr'><strong>F.</strong></span> <span class='ocrx_word' id='word_1_55' title='bbox 632 648 719 690; x_wconf 84' lang='lat' dir='ltr'><strong>Pb.</strong></span> <span class='ocrx_word' id='word_1_56' title='bbox 743 654 818 690; x_wconf 76' lang='grc' dir='ltr'><strong>καὶ</strong></span> <span class='ocrx_word' id='word_1_57' title='bbox 852 648 920 689; x_wconf 71' lang='grc' dir='ltr'><strong>ἔτι</strong></span> <span class='ocrx_word' id='word_1_58' title='bbox 948 649 1018 690; x_wconf 84' lang='lat' dir='ltr'><strong>ed.</strong></span> <span class='ocrx_word' id='word_1_59' title='bbox 1034 649 1176 689; x_wconf 83' lang='lat' dir='ltr'><strong>Wess.</strong></span> <span class='ocrx_word' id='word_1_60' title='bbox 1199 663 1302 689; x_wconf 87' lang='lat' dir='ltr'><strong>cum</strong></span> <span class='ocrx_word' id='word_1_61' title='bbox 1321 650 1378 689; x_wconf 85' lang='lat' dir='ltr'><strong>al.</strong></span> 
     </span>
     <span class='ocr_line' id='line_1_8' title="bbox 59 703 1378 757; baseline -0.002 -10"><span class='ocrx_word' id='word_1_62' title='bbox 59 707 92 747; x_wconf 87' lang='lat' dir='ltr'><strong>l.</strong></span> <span class='ocrx_word' id='word_1_63' title='bbox 122 710 187 757; x_wconf 54' lang='grc' dir='ltr'><strong>μδ.</strong></span> <span class='ocrx_word' id='word_1_64' title='bbox 213 706 260 745; x_wconf 78' lang='grc' dir='ltr'><strong>τοὶ</strong></span> <span class='ocrx_word' id='word_1_65' title='bbox 287 707 378 747; x_wconf 71' lang='grc' dir='ltr'><strong><em>αὐτοὶ</em></strong></span> <span class='ocrx_word' id='word_1_66' title='bbox 404 703 552 746; x_wconf 79' lang='lat' dir='ltr'><strong>Arch.</strong></span> <span class='ocrx_word' id='word_1_67' title='bbox 587 706 838 745; x_wconf 87' lang='lat' dir='ltr'><strong>commode.</strong></span> <span class='ocrx_word' id='word_1_68' title='bbox 864 727 918 733; x_wconf 92' lang='lat'>—</span> <span class='ocrx_word' id='word_1_69' title='bbox 964 704 1133 757; x_wconf 87' lang='lat' dir='ltr'><strong>Recepi</strong></span> <span class='ocrx_word' id='word_1_70' title='bbox 1163 707 1250 744; x_wconf 90' lang='lat' dir='ltr'><strong>hoc</strong></span> <span class='ocrx_word' id='word_1_71' title='bbox 1277 718 1378 744; x_wconf 90' lang='lat' dir='ltr'><strong>cum</strong></span> 
     </span>
     <span class='ocr_line' id='line_1_9' title="bbox 59 757 894 816; baseline -0.002 -15"><span class='ocrx_word' id='word_1_72' title='bbox 59 757 242 816; x_wconf 71' lang='lat' dir='ltr'><strong>Schaef</strong></span> <span class='ocrx_word' id='word_1_73' title='bbox 265 761 378 802; x_wconf 67' lang='grc' dir='ltr'><em>ταυτοὶ</em></span> <span class='ocrx_word' id='word_1_74' title='bbox 398 760 465 800; x_wconf 86' lang='lat' dir='ltr'><strong>ed.</strong></span> <span class='ocrx_word' id='word_1_75' title='bbox 485 761 634 800; x_wconf 78' lang='lat' dir='ltr'><strong>Wess.</strong></span> <span class='ocrx_word' id='word_1_76' title='bbox 654 774 756 800; x_wconf 87' lang='lat' dir='ltr'><strong>cum</strong></span> <span class='ocrx_word' id='word_1_77' title='bbox 781 758 894 800; x_wconf 86' lang='lat' dir='ltr'><strong>aliis.</strong></span> 
     </span>
    </p>

    <p class='ocr_par' dir='ltr' id='par_1_3' title="bbox 45 812 1380 2312">
     <span class='ocr_line' id='line_1_10' title="bbox 116 812 1377 869; baseline -0.002 -11"><span class='ocrx_word' id='word_1_78' title='bbox 116 816 264 858; x_wconf 84' lang='lat' dir='ltr'><strong>CAP.</strong></span> <span class='ocrx_word' id='word_1_79' title='bbox 280 814 467 857; x_wconf 80' lang='lat' dir='ltr'><em>XLIII.</em></span> <span class='ocrx_word' id='word_1_80' title='bbox 485 812 594 856; x_wconf 48' lang='grc' dir='ltr'><em>[Δίῃ.</em></span> <span class='ocrx_word' id='word_1_81' title='bbox 615 827 654 855; x_wconf 84' lang='lat'><strong>2.</strong></span> <span class='ocrx_word' id='word_1_82' title='bbox 673 813 983 869; x_wconf 74' lang='grc' dir='ltr'><strong>καταλελυμένων)</strong></span> <span class='ocrx_word' id='word_1_83' title='bbox 1005 827 1260 862; x_wconf 75' lang='grc' dir='ltr'><strong>καταλελειμμ.</strong></span> <span class='ocrx_word' id='word_1_84' title='bbox 1286 816 1377 857; x_wconf 75' lang='lat' dir='ltr'><strong>Pd-</strong></span> 
     </span>
     <span class='ocr_line' id='line_1_11' title="bbox 58 869 1380 923; baseline -0.002 -11"><span class='ocrx_word' id='word_1_85' title='bbox 58 869 182 912; x_wconf 74' lang='lat' dir='ltr'><strong>Jbid.</strong></span> <span class='ocrx_word' id='word_1_86' title='bbox 204 873 241 912; x_wconf 81' lang='grc' dir='ltr'><strong>ἔκ</strong></span> <span class='ocrx_word' id='word_1_87' title='bbox 262 869 455 923; x_wconf 62' lang='grc' dir='ltr'>βασιλῆος)</span> <span class='ocrx_word' id='word_1_88' title='bbox 482 870 665 910; x_wconf 84' lang='lat' dir='ltr'><strong>Absunt</strong></span> <span class='ocrx_word' id='word_1_89' title='bbox 687 872 796 912; x_wconf 82' lang='lat' dir='ltr'><strong>haec</strong></span> <span class='ocrx_word' id='word_1_90' title='bbox 807 869 956 911; x_wconf 75' lang='lat' dir='ltr'><strong>Al&#39;ch.</strong></span> <span class='ocrx_word' id='word_1_91' title='bbox 1014 871 1044 910; x_wconf 83' lang='lat' dir='ltr'><strong>l.</strong></span> <span class='ocrx_word' id='word_1_92' title='bbox 1069 872 1107 909; x_wconf 89' lang='grc'><strong>6.</strong></span> <span class='ocrx_word' id='word_1_93' title='bbox 1131 871 1300 917; x_wconf 69' lang='grc' dir='ltr'><strong>βασιλέως</strong></span> <span class='ocrx_word' id='word_1_94' title='bbox 1320 872 1380 913; x_wconf 79' lang='lat' dir='ltr'><strong>F.</strong></span> 
     </span>
     <span class='ocr_line' id='line_1_12' title="bbox 58 923 1377 980; baseline 0.001 -15"><span class='ocrx_word' id='word_1_95' title='bbox 58 932 102 966; x_wconf 90' lang='lat' dir='ltr'><strong>et</strong></span> <span class='ocrx_word' id='word_1_96' title='bbox 122 926 184 966; x_wconf 89' lang='lat' dir='ltr'><strong>sic</strong></span> <span class='ocrx_word' id='word_1_97' title='bbox 202 927 339 978; x_wconf 85' lang='lat' dir='ltr'><strong>paulo</strong></span> <span class='ocrx_word' id='word_1_98' title='bbox 360 932 476 966; x_wconf 87' lang='lat' dir='ltr'><strong>ante.</strong></span> <span class='ocrx_word' id='word_1_99' title='bbox 533 923 655 966; x_wconf 84' lang='lat' dir='ltr'><strong>Ibid.</strong></span> <span class='ocrx_word' id='word_1_100' title='bbox 676 923 1031 978; x_wconf 70' lang='grc' dir='ltr'><strong>Ἀρταξώστρκν)</strong></span> <span class='ocrx_word' id='word_1_101' title='bbox 1060 926 1133 965; x_wconf 88' lang='lat' dir='ltr'><strong>Sic</strong></span> <span class='ocrx_word' id='word_1_102' title='bbox 1154 926 1290 966; x_wconf 83' lang='lat' dir='ltr'><strong>Pass.</strong></span> <span class='ocrx_word' id='word_1_103' title='bbox 1310 941 1377 980; x_wconf 87' lang='lat' dir='ltr'><strong>pr.</strong></span> 
     </span>
     <span class='ocr_line' id='line_1_13' title="bbox 56 980 1378 1035; baseline 0.001 -14"><span class='ocrx_word' id='word_1_104' title='bbox 56 994 116 1021; x_wconf 88' lang='lat' dir='ltr'><strong>m.</strong></span> <span class='ocrx_word' id='word_1_105' title='bbox 133 1005 189 1013; x_wconf 92' lang='lat'><strong>—-</strong></span> <span class='ocrx_word' id='word_1_106' title='bbox 205 987 247 1021; x_wconf 85' lang='lat' dir='ltr'><strong>et</strong></span> <span class='ocrx_word' id='word_1_107' title='bbox 260 981 317 1022; x_wconf 82' lang='lat' dir='ltr'><strong>F.</strong></span> <span class='ocrx_word' id='word_1_108' title='bbox 333 983 457 1033; x_wconf 90' lang='lat' dir='ltr'><strong>quod</strong></span> <span class='ocrx_word' id='word_1_109' title='bbox 475 981 637 1021; x_wconf 86' lang='lat' dir='ltr'><strong>rectius</strong></span> <span class='ocrx_word' id='word_1_110' title='bbox 657 995 748 1022; x_wconf 86' lang='lat' dir='ltr'><strong>esse</strong></span> <span class='ocrx_word' id='word_1_111' title='bbox 766 980 936 1035; x_wconf 81' lang='lat' dir='ltr'><strong>putavi.</strong></span> <span class='ocrx_word' id='word_1_112' title='bbox 965 981 1278 1032; x_wconf 71' lang='grc' dir='ltr'><strong>Ἀρτοζώστρην</strong></span> <span class='ocrx_word' id='word_1_113' title='bbox 1308 982 1378 1022; x_wconf 87' lang='lat' dir='ltr'><strong>ed.</strong></span> 
     </span>
     <span class='ocr_line' id='line_1_14' title="bbox 64 1036 1379 1089; baseline 0 -12"><span class='ocrx_word' id='word_1_114' title='bbox 64 1039 214 1077; x_wconf 82' lang='lat' dir='ltr'><strong>Wess.</strong></span> <span class='ocrx_word' id='word_1_115' title='bbox 236 1051 337 1076; x_wconf 90' lang='lat' dir='ltr'><strong>cum</strong></span> <span class='ocrx_word' id='word_1_116' title='bbox 353 1036 471 1089; x_wconf 82' lang='lat' dir='ltr'><strong>aliis,</strong></span> <span class='ocrx_word' id='word_1_117' title='bbox 493 1043 535 1076; x_wconf 88' lang='lat' dir='ltr'><strong>et</strong></span> <span class='ocrx_word' id='word_1_118' title='bbox 559 1036 621 1077; x_wconf 90' lang='lat' dir='ltr'><strong>sic</strong></span> <span class='ocrx_word' id='word_1_119' title='bbox 635 1038 772 1078; x_wconf 80' lang='lat' dir='ltr'><strong>Pass.</strong></span> <span class='ocrx_word' id='word_1_120' title='bbox 792 1051 846 1077; x_wconf 82' lang='lat' dir='ltr'><strong>ex</strong></span> <span class='ocrx_word' id='word_1_121' title='bbox 862 1044 1044 1076; x_wconf 86' lang='lat' dir='ltr'><strong>correct.</strong></span> <span class='ocrx_word' id='word_1_122' title='bbox 1069 1036 1289 1077; x_wconf 83' lang='lat' dir='ltr'><strong>referente</strong></span> <span class='ocrx_word' id='word_1_123' title='bbox 1306 1051 1379 1077; x_wconf 85' lang='lat' dir='ltr'><strong>eo-</strong></span> 
     </span>
     <span class='ocr_line' id='line_1_15' title="bbox 56 1092 1377 1145; baseline 0.001 -14"><span class='ocrx_word' id='word_1_124' title='bbox 56 1093 159 1132; x_wconf 87' lang='lat' dir='ltr'><strong>dem</strong></span> <span class='ocrx_word' id='word_1_125' title='bbox 184 1094 334 1133; x_wconf 81' lang='lat' dir='ltr'><strong>Wess.</strong></span> <span class='ocrx_word' id='word_1_126' title='bbox 373 1093 561 1132; x_wconf 86' lang='lat' dir='ltr'><strong>Videtur</strong></span> <span class='ocrx_word' id='word_1_127' title='bbox 585 1101 737 1132; x_wconf 85' lang='lat' dir='ltr'><strong>autem</strong></span> <span class='ocrx_word' id='word_1_128' title='bbox 759 1094 871 1132; x_wconf 89' lang='lat' dir='ltr'><strong>haec</strong></span> <span class='ocrx_word' id='word_1_129' title='bbox 898 1092 1135 1145; x_wconf 79' lang='lat' dir='ltr'><strong>scriptura,</strong></span> <span class='ocrx_word' id='word_1_130' title='bbox 1163 1094 1377 1143; x_wconf 88' lang='lat' dir='ltr'><strong>quemad-</strong></span> 
     </span>
     <span class='ocr_line' id='line_1_16' title="bbox 54 1148 1377 1204; baseline 0 -16"><span class='ocrx_word' id='word_1_131' title='bbox 54 1149 242 1189; x_wconf 83' lang='lat' dir='ltr'><strong>mOdum</strong></span> <span class='ocrx_word' id='word_1_132' title='bbox 272 1149 480 1199; x_wconf 62' lang='grc' dir='ltr'><strong>Ἀρτοξέρξης</strong></span> <span class='ocrx_word' id='word_1_133' title='bbox 504 1160 590 1200; x_wconf 86' lang='lat' dir='ltr'><strong>prO</strong></span> <span class='ocrx_word' id='word_1_134' title='bbox 615 1149 855 1200; x_wconf 61' lang='grc' dir='ltr'><strong>Ἀρταξέρξης,</strong></span> <span class='ocrx_word' id='word_1_135' title='bbox 887 1161 911 1187; x_wconf 78' lang='lat' dir='ltr'><strong>a</strong></span> <span class='ocrx_word' id='word_1_136' title='bbox 932 1149 1245 1204; x_wconf 76' lang='lat' dir='ltr'><strong>graeculorum</strong></span> <span class='ocrx_word' id='word_1_137' title='bbox 1268 1148 1377 1188; x_wconf 78' lang='lat' dir='ltr'><strong>scri-</strong></span> 
     </span>
     <span class='ocr_line' id='line_1_17' title="bbox 53 1202 1375 1259; baseline 0 -16"><span class='ocrx_word' id='word_1_138' title='bbox 53 1204 214 1243; x_wconf 83' lang='lat' dir='ltr'>barum</span> <span class='ocrx_word' id='word_1_139' title='bbox 235 1205 372 1259; x_wconf 84' lang='lat' dir='ltr'><strong>vulgo</strong></span> <span class='ocrx_word' id='word_1_140' title='bbox 397 1210 625 1255; x_wconf 76' lang='lat' dir='ltr'><strong>corrupta,</strong></span> <span class='ocrx_word' id='word_1_141' title='bbox 652 1202 729 1254; x_wconf 87' lang='lat' dir='ltr'><strong>qui</strong></span> <span class='ocrx_word' id='word_1_142' title='bbox 758 1202 930 1243; x_wconf 85' lang='lat' dir='ltr'><strong>exotica</strong></span> <span class='ocrx_word' id='word_1_143' title='bbox 951 1203 1138 1243; x_wconf 89' lang='lat' dir='ltr'><strong>nomina</strong></span> <span class='ocrx_word' id='word_1_144' title='bbox 1158 1202 1219 1243; x_wconf 89' lang='lat' dir='ltr'><strong>ita</strong></span> <span class='ocrx_word' id='word_1_145' title='bbox 1241 1204 1375 1244; x_wconf 86' lang='lat' dir='ltr'><strong>defle-</strong></span> 
     </span>
     <span class='ocr_line' id='line_1_18' title="bbox 54 1257 1377 1315; baseline -0.001 -16"><span class='ocrx_word' id='word_1_146' title='bbox 54 1265 171 1299; x_wconf 86' lang='lat' dir='ltr'><strong>ctere</strong></span> <span class='ocrx_word' id='word_1_147' title='bbox 189 1265 542 1310; x_wconf 54' lang='lat' dir='ltr'><strong>consueverant2</strong></span> <span class='ocrx_word' id='word_1_148' title='bbox 555 1257 681 1309; x_wconf 85' lang='lat' dir='ltr'>quasi</span> <span class='ocrx_word' id='word_1_149' title='bbox 698 1271 905 1312; x_wconf 84' lang='lat' dir='ltr'><strong>graecam</strong></span> <span class='ocrx_word' id='word_1_150' title='bbox 929 1258 1208 1310; x_wconf 87' lang='lat' dir='ltr'><strong>aliquatenus</strong></span> <span class='ocrx_word' id='word_1_151' title='bbox 1237 1258 1377 1315; x_wconf 85' lang='lat' dir='ltr'><strong>origi-</strong></span> 
     </span>
     <span class='ocr_line' id='line_1_19' title="bbox 52 1312 1376 1367; baseline -0.001 -12"><span class='ocrx_word' id='word_1_152' title='bbox 52 1328 159 1355; x_wconf 89' lang='lat' dir='ltr'><strong>nem</strong></span> <span class='ocrx_word' id='word_1_153' title='bbox 184 1315 412 1354; x_wconf 83' lang='lat' dir='ltr'><strong>haberent.</strong></span> <span class='ocrx_word' id='word_1_154' title='bbox 450 1313 604 1353; x_wconf 88' lang='lat' dir='ltr'><strong>Eidem</strong></span> <span class='ocrx_word' id='word_1_155' title='bbox 623 1312 740 1352; x_wconf 81' lang='lat' dir='ltr'><strong>mori</strong></span> <span class='ocrx_word' id='word_1_156' title='bbox 762 1315 950 1354; x_wconf 87' lang='lat' dir='ltr'><strong>debetur</strong></span> <span class='ocrx_word' id='word_1_157' title='bbox 973 1314 1168 1367; x_wconf 88' lang='lat' dir='ltr'><strong>sriptura</strong></span> <span class='ocrx_word' id='word_1_158' title='bbox 1188 1315 1376 1365; x_wconf 63' lang='grc' dir='ltr'><strong>Ἀρταφρέ-</strong></span> 
     </span>
     <span class='ocr_line' id='line_1_20' title="bbox 53 1368 1374 1423; baseline -0.002 -13"><span class='ocrx_word' id='word_1_159' title='bbox 53 1388 126 1415; x_wconf 64' lang='lat' dir='ltr'><strong>vm,</strong></span> <span class='ocrx_word' id='word_1_160' title='bbox 165 1369 328 1422; x_wconf 89' lang='lat' dir='ltr'><strong>passim</strong></span> <span class='ocrx_word' id='word_1_161' title='bbox 354 1369 402 1409; x_wconf 90' lang='lat' dir='ltr'><strong>in</strong></span> <span class='ocrx_word' id='word_1_162' title='bbox 432 1368 700 1409; x_wconf 85' lang='lat' dir='ltr'><strong>Herodoteis</strong></span> <span class='ocrx_word' id='word_1_163' title='bbox 732 1370 863 1409; x_wconf 86' lang='lat' dir='ltr'><strong>codd.</strong></span> <span class='ocrx_word' id='word_1_164' title='bbox 891 1383 975 1423; x_wconf 88' lang='lat' dir='ltr'><strong>pro</strong></span> <span class='ocrx_word' id='word_1_165' title='bbox 1004 1370 1223 1421; x_wconf 75' lang='grc' dir='ltr'><em>Ἀρταφέρνης</em></span> <span class='ocrx_word' id='word_1_166' title='bbox 1256 1369 1374 1409; x_wconf 85' lang='lat' dir='ltr'><strong>ohti-</strong></span> 
     </span>
     <span class='ocr_line' id='line_1_21' title="bbox 51 1423 1372 1480; baseline 0.001 -16"><span class='ocrx_word' id='word_1_167' title='bbox 51 1438 193 1475; x_wconf 83' lang='lat' dir='ltr'><strong>nens3</strong></span> <span class='ocrx_word' id='word_1_168' title='bbox 226 1439 365 1477; x_wconf 86' lang='lat' dir='ltr'><strong>quum</strong></span> <span class='ocrx_word' id='word_1_169' title='bbox 395 1423 689 1477; x_wconf 86' lang='lat' dir='ltr'><strong>posteriorem</strong></span> <span class='ocrx_word' id='word_1_170' title='bbox 724 1424 922 1465; x_wconf 85' lang='lat' dir='ltr'><strong>nominis</strong></span> <span class='ocrx_word' id='word_1_171' title='bbox 954 1431 1127 1478; x_wconf 86' lang='lat' dir='ltr'><strong>partem</strong></span> <span class='ocrx_word' id='word_1_172' title='bbox 1156 1439 1182 1464; x_wconf 89' lang='lat' dir='ltr'><strong>a</strong></span> <span class='ocrx_word' id='word_1_173' title='bbox 1211 1437 1372 1480; x_wconf 85' lang='lat' dir='ltr'><strong>graeco</strong></span> 
     </span>
     <span class='ocr_line' id='line_1_22' title="bbox 53 1479 1373 1535; baseline 0.002 -16"><span class='ocrx_word' id='word_1_174' title='bbox 53 1479 156 1531; x_wconf 67' lang='grc' dir='ltr'><em>Φρῆν,</em></span> <span class='ocrx_word' id='word_1_175' title='bbox 182 1481 312 1531; x_wconf 71' lang='grc' dir='ltr'><em>φρενδς,</em></span> <span class='ocrx_word' id='word_1_176' title='bbox 336 1479 602 1520; x_wconf 75' lang='lat' dir='ltr'><strong>derivarent.</strong></span> <span class='ocrx_word' id='word_1_177' title='bbox 661 1480 692 1518; x_wconf 88' lang='lat' dir='ltr'><strong>l.</strong></span> <span class='ocrx_word' id='word_1_178' title='bbox 714 1494 752 1531; x_wconf 83' lang='lat'><strong>9.</strong></span> <span class='ocrx_word' id='word_1_179' title='bbox 782 1483 862 1532; x_wconf 66' lang='grc' dir='ltr'><strong>τῇσι</strong></span> <span class='ocrx_word' id='word_1_180' title='bbox 888 1481 1052 1532; x_wconf 70' lang='grc' dir='ltr'>ἄλλῃσι</span> <span class='ocrx_word' id='word_1_181' title='bbox 1073 1479 1195 1535; x_wconf 75' lang='grc' dir='ltr'>νηυσὶ)</span> <span class='ocrx_word' id='word_1_182' title='bbox 1223 1480 1373 1522; x_wconf 77' lang='lat' dir='ltr'><strong>Abest</strong></span> 
     </span>
     <span class='ocr_line' id='line_1_23' title="bbox 52 1533 1367 1590; baseline 0.002 -15"><span class='ocrx_word' id='word_1_183' title='bbox 52 1534 179 1586; x_wconf 67' lang='grc' dir='ltr'>ἄλλῃσι</span> <span class='ocrx_word' id='word_1_184' title='bbox 197 1534 345 1576; x_wconf 76' lang='lat' dir='ltr'><strong>Arch.</strong></span> <span class='ocrx_word' id='word_1_185' title='bbox 370 1533 515 1575; x_wconf 79' lang='lat' dir='ltr'><strong>Vind.</strong></span> <span class='ocrx_word' id='word_1_186' title='bbox 581 1535 612 1574; x_wconf 88' lang='lat' dir='ltr'><strong>l.</strong></span> <span class='ocrx_word' id='word_1_187' title='bbox 644 1548 705 1575; x_wconf 84' lang='lat'><strong>12.</strong></span> <span class='ocrx_word' id='word_1_188' title='bbox 731 1534 877 1590; x_wconf 68' lang='grc' dir='ltr'>θῶμα)</span> <span class='ocrx_word' id='word_1_189' title='bbox 902 1538 1033 1581; x_wconf 59' lang='grc' dir='ltr'>θαῦμα</span> <span class='ocrx_word' id='word_1_190' title='bbox 1057 1534 1206 1576; x_wconf 77' lang='lat' dir='ltr'><strong>Arch.</strong></span> <span class='ocrx_word' id='word_1_191' title='bbox 1237 1534 1367 1577; x_wconf 74' lang='lat' dir='ltr'><strong>Vind.</strong></span> 
     </span>
     <span class='ocr_line' id='line_1_24' title="bbox 50 1589 1373 1644; baseline 0.002 -14"><span class='ocrx_word' id='word_1_192' title='bbox 50 1611 105 1623; x_wconf 89' lang='lat'><strong>—-·</strong></span> <span class='ocrx_word' id='word_1_193' title='bbox 136 1592 249 1637; x_wconf 64' lang='grc' dir='ltr'><strong>θῶμοι</strong></span> <span class='ocrx_word' id='word_1_194' title='bbox 271 1590 428 1644; x_wconf 87' lang='lat' dir='ltr'><strong>scripsi</strong></span> <span class='ocrx_word' id='word_1_195' title='bbox 453 1605 554 1631; x_wconf 89' lang='lat' dir='ltr'><strong>cum</strong></span> <span class='ocrx_word' id='word_1_196' title='bbox 582 1591 638 1630; x_wconf 84' lang='lat' dir='ltr'><strong>F.</strong></span> <span class='ocrx_word' id='word_1_197' title='bbox 665 1589 752 1630; x_wconf 82' lang='lat' dir='ltr'><strong>Pb.</strong></span> <span class='ocrx_word' id='word_1_198' title='bbox 790 1593 949 1637; x_wconf 64' lang='grc' dir='ltr'><strong>θῶυμω</strong></span> <span class='ocrx_word' id='word_1_199' title='bbox 978 1590 1071 1630; x_wconf 87' lang='lat' dir='ltr'><strong>alii.</strong></span> <span class='ocrx_word' id='word_1_200' title='bbox 1106 1593 1242 1638; x_wconf 63' lang='grc' dir='ltr'><strong>θώϋμα</strong></span> <span class='ocrx_word' id='word_1_201' title='bbox 1269 1594 1373 1632; x_wconf 88' lang='lat' dir='ltr'><strong>edd.</strong></span> 
     </span>
     <span class='ocr_line' id='line_1_25' title="bbox 49 1646 1369 1699; baseline 0.003 -15"><span class='ocrx_word' id='word_1_202' title='bbox 49 1646 81 1684; x_wconf 89' lang='lat' dir='ltr'><strong>l.</strong></span> <span class='ocrx_word' id='word_1_203' title='bbox 109 1647 175 1688; x_wconf 80' lang='lat'><strong>13.</strong></span> <span class='ocrx_word' id='word_1_204' title='bbox 210 1647 404 1698; x_wconf 70' lang='grc' dir='ltr'>Ἑλλήνων)</span> <span class='ocrx_word' id='word_1_205' title='bbox 437 1649 519 1686; x_wconf 72' lang='grc' dir='ltr'><strong>τῶν</strong></span> <span class='ocrx_word' id='word_1_206' title='bbox 547 1646 715 1688; x_wconf 62' lang='grc' dir='ltr'>Ἑλλήνων</span> <span class='ocrx_word' id='word_1_207' title='bbox 745 1646 894 1688; x_wconf 84' lang='lat' dir='ltr'><strong>Arch.</strong></span> <span class='ocrx_word' id='word_1_208' title='bbox 924 1668 978 1677; x_wconf 90' lang='lat'>—</span> <span class='ocrx_word' id='word_1_209' title='bbox 1012 1653 1147 1699; x_wconf 91' lang='lat' dir='ltr'><strong>atque</strong></span> <span class='ocrx_word' id='word_1_210' title='bbox 1167 1647 1275 1688; x_wconf 91' lang='lat' dir='ltr'><strong>inde</strong></span> <span class='ocrx_word' id='word_1_211' title='bbox 1301 1649 1369 1688; x_wconf 86' lang='lat' dir='ltr'><strong>ed.</strong></span> 
     </span>
     <span class='ocr_line' id='line_1_26' title="bbox 59 1700 1370 1758; baseline 0.002 -16"><span class='ocrx_word' id='word_1_212' title='bbox 59 1703 206 1742; x_wconf 84' lang='lat' dir='ltr'><strong>Wess.</strong></span> <span class='ocrx_word' id='word_1_213' title='bbox 228 1709 271 1741; x_wconf 87' lang='lat' dir='ltr'><strong>ct</strong></span> <span class='ocrx_word' id='word_1_214' title='bbox 288 1715 411 1754; x_wconf 87' lang='lat' dir='ltr'><strong>seqq.</strong></span> <span class='ocrx_word' id='word_1_215' title='bbox 440 1700 601 1742; x_wconf 89' lang='lat' dir='ltr'><strong>Delevi</strong></span> <span class='ocrx_word' id='word_1_216' title='bbox 616 1700 854 1742; x_wconf 89' lang='lat' dir='ltr'><strong>articulum</strong></span> <span class='ocrx_word' id='word_1_217' title='bbox 868 1733 879 1754; x_wconf 88' lang='lat'>‚</span> <span class='ocrx_word' id='word_1_218' title='bbox 901 1715 1035 1754; x_wconf 89' lang='lat' dir='ltr'><strong>quem</strong></span> <span class='ocrx_word' id='word_1_219' title='bbox 1058 1702 1273 1758; x_wconf 86' lang='lat' dir='ltr'><strong>ignorant</strong></span> <span class='ocrx_word' id='word_1_220' title='bbox 1290 1703 1370 1744; x_wconf 89' lang='lat' dir='ltr'><strong>alii</strong></span> 
     </span>
     <span class='ocr_line' id='line_1_27' title="bbox 49 1756 1371 1809; baseline 0.002 -12"><span class='ocrx_word' id='word_1_221' title='bbox 49 1770 229 1809; x_wconf 86' lang='lat' dir='ltr'><strong>omnes,</strong></span> <span class='ocrx_word' id='word_1_222' title='bbox 258 1764 301 1796; x_wconf 84' lang='lat' dir='ltr'><strong>et</strong></span> <span class='ocrx_word' id='word_1_223' title='bbox 333 1772 468 1809; x_wconf 88' lang='lat' dir='ltr'><strong>quem</strong></span> <span class='ocrx_word' id='word_1_224' title='bbox 496 1757 544 1796; x_wconf 92' lang='lat' dir='ltr'><strong>in</strong></span> <span class='ocrx_word' id='word_1_225' title='bbox 566 1756 643 1796; x_wconf 87' lang='lat' dir='ltr'><strong>tali</strong></span> <span class='ocrx_word' id='word_1_226' title='bbox 667 1759 907 1798; x_wconf 82' lang='lat' dir='ltr'><strong>verborum</strong></span> <span class='ocrx_word' id='word_1_227' title='bbox 936 1764 1155 1798; x_wconf 86' lang='lat' dir='ltr'><strong>structura</strong></span> <span class='ocrx_word' id='word_1_228' title='bbox 1177 1772 1270 1799; x_wconf 90' lang='lat' dir='ltr'><strong>non</strong></span> <span class='ocrx_word' id='word_1_229' title='bbox 1291 1761 1371 1799; x_wconf 91' lang='lat' dir='ltr'><strong>ad-</strong></span> 
     </span>
     <span class='ocr_line' id='line_1_28' title="bbox 46 1812 1370 1868; baseline 0.002 -16"><span class='ocrx_word' id='word_1_230' title='bbox 46 1812 181 1853; x_wconf 88' lang='lat' dir='ltr'><strong>iicere</strong></span> <span class='ocrx_word' id='word_1_231' title='bbox 205 1815 318 1853; x_wconf 86' lang='lat' dir='ltr'><strong>solet</strong></span> <span class='ocrx_word' id='word_1_232' title='bbox 336 1814 606 1853; x_wconf 80' lang='lat' dir='ltr'><strong>Herodotus.</strong></span> <span class='ocrx_word' id='word_1_233' title='bbox 666 1813 695 1851; x_wconf 87' lang='lat' dir='ltr'><strong>l.</strong></span> <span class='ocrx_word' id='word_1_234' title='bbox 722 1825 783 1863; x_wconf 85' lang='grc' dir='ltr'><strong>ι4.</strong></span> <span class='ocrx_word' id='word_1_235' title='bbox 810 1815 962 1864; x_wconf 68' lang='grc' dir='ltr'>χρεόν,</span> <span class='ocrx_word' id='word_1_236' title='bbox 991 1820 1040 1854; x_wconf 87' lang='lat' dir='ltr'><strong>ut</strong></span> <span class='ocrx_word' id='word_1_237' title='bbox 1061 1813 1191 1866; x_wconf 85' lang='lat' dir='ltr'><strong>alibi,</strong></span> <span class='ocrx_word' id='word_1_238' title='bbox 1213 1814 1370 1868; x_wconf 88' lang='lat' dir='ltr'><strong>scripsi</strong></span> 
     </span>
     <span class='ocr_line' id='line_1_29' title="bbox 47 1868 1369 1922; baseline 0.002 -14"><span class='ocrx_word' id='word_1_239' title='bbox 47 1882 149 1908; x_wconf 89' lang='lat' dir='ltr'><strong>cum</strong></span> <span class='ocrx_word' id='word_1_240' title='bbox 167 1868 223 1909; x_wconf 88' lang='lat' dir='ltr'><strong>F.</strong></span> <span class='ocrx_word' id='word_1_241' title='bbox 244 1868 318 1909; x_wconf 90' lang='lat' dir='ltr'><strong>cui</strong></span> <span class='ocrx_word' id='word_1_242' title='bbox 335 1882 426 1908; x_wconf 90' lang='lat' dir='ltr'><strong>non</strong></span> <span class='ocrx_word' id='word_1_243' title='bbox 450 1868 609 1908; x_wconf 87' lang='lat' dir='ltr'><strong>dubito</strong></span> <span class='ocrx_word' id='word_1_244' title='bbox 629 1869 851 1909; x_wconf 85' lang='lat' dir='ltr'><strong>adsentire</strong></span> <span class='ocrx_word' id='word_1_245' title='bbox 869 1868 1002 1909; x_wconf 87' lang='lat' dir='ltr'><strong>etiam</strong></span> <span class='ocrx_word' id='word_1_246' title='bbox 1026 1871 1238 1922; x_wconf 84' lang='lat' dir='ltr'><strong>probatos</strong></span> <span class='ocrx_word' id='word_1_247' title='bbox 1256 1871 1369 1911; x_wconf 84' lang='lat' dir='ltr'><strong>alios</strong></span> 
     </span>
     <span class='ocr_line' id='line_1_30' title="bbox 46 1923 1368 1980; baseline 0.002 -17"><span class='ocrx_word' id='word_1_248' title='bbox 46 1923 201 1967; x_wconf 88' lang='lat' dir='ltr'><strong>libros.</strong></span> <span class='ocrx_word' id='word_1_249' title='bbox 230 1924 345 1965; x_wconf 92' lang='lat' dir='ltr'><strong>Vide</strong></span> <span class='ocrx_word' id='word_1_250' title='bbox 362 1926 418 1964; x_wconf 88' lang='lat' dir='ltr'><strong>ad</strong></span> <span class='ocrx_word' id='word_1_251' title='bbox 439 1925 493 1964; x_wconf 92' lang='lat' dir='ltr'><strong>V.</strong></span> <span class='ocrx_word' id='word_1_252' title='bbox 509 1937 583 1976; x_wconf 70' lang='lat'><strong>49,</strong></span> <span class='ocrx_word' id='word_1_253' title='bbox 600 1936 667 1973; x_wconf 92' lang='grc'><strong>44.</strong></span> <span class='ocrx_word' id='word_1_254' title='bbox 690 1926 840 1980; x_wconf 84' lang='lat' dir='ltr'><strong>Vulgo</strong></span> <span class='ocrx_word' id='word_1_255' title='bbox 861 1926 995 1975; x_wconf 64' lang='grc' dir='ltr'>χρεών</span> <span class='ocrx_word' id='word_1_256' title='bbox 1017 1926 1088 1971; x_wconf 59' lang='lat' dir='ltr'><strong>sl&#39;n.</strong></span> <span class='ocrx_word' id='word_1_257' title='bbox 1141 1926 1170 1965; x_wconf 85' lang='lat' dir='ltr'><strong>l.</strong></span> <span class='ocrx_word' id='word_1_258' title='bbox 1194 1929 1258 1967; x_wconf 78' lang='lat'><strong>18.</strong></span> <span class='ocrx_word' id='word_1_259' title='bbox 1278 1931 1368 1979; x_wconf 66' lang='grc' dir='ltr'><strong>χρῦ-</strong></span> 
     </span>
     <span class='ocr_line' id='line_1_31' title="bbox 47 1979 1367 2033; baseline 0.002 -13"><span class='ocrx_word' id='word_1_260' title='bbox 47 1998 101 2026; x_wconf 80' lang='grc' dir='ltr'><strong>μοι</strong></span> <span class='ocrx_word' id='word_1_261' title='bbox 125 1979 324 2033; x_wconf 73' lang='grc' dir='ltr'>πολλδν)</span> <span class='ocrx_word' id='word_1_262' title='bbox 353 1980 425 2020; x_wconf 85' lang='lat' dir='ltr'><strong>Sic</strong></span> <span class='ocrx_word' id='word_1_263' title='bbox 448 1981 587 2021; x_wconf 84' lang='lat' dir='ltr'><strong>Pass.</strong></span> <span class='ocrx_word' id='word_1_264' title='bbox 610 1993 662 2020; x_wconf 85' lang='lat' dir='ltr'><strong>ex</strong></span> <span class='ocrx_word' id='word_1_265' title='bbox 683 1986 865 2021; x_wconf 77' lang='lat' dir='ltr'><strong>correct.</strong></span> <span class='ocrx_word' id='word_1_266' title='bbox 889 1987 930 2019; x_wconf 88' lang='lat' dir='ltr'><strong>et</strong></span> <span class='ocrx_word' id='word_1_267' title='bbox 955 1982 1024 2020; x_wconf 92' lang='lat' dir='ltr'><strong>ed.</strong></span> <span class='ocrx_word' id='word_1_268' title='bbox 1053 1983 1222 2022; x_wconf 85' lang='lat' dir='ltr'><strong>Genev.</strong></span> <span class='ocrx_word' id='word_1_269' title='bbox 1247 1984 1367 2024; x_wconf 76' lang='lat'><strong>1618.</strong></span> 
     </span>
     <span class='ocr_line' id='line_1_32' title="bbox 45 2032 1367 2089; baseline 0.002 -16"><span class='ocrx_word' id='word_1_270' title='bbox 45 2048 164 2074; x_wconf 83' lang='lat' dir='ltr'><strong>vere.</strong></span> <span class='ocrx_word' id='word_1_271' title='bbox 183 2032 298 2076; x_wconf 87' lang='lat' dir='ltr'><strong>Vide</strong></span> <span class='ocrx_word' id='word_1_272' title='bbox 312 2037 369 2075; x_wconf 89' lang='lat' dir='ltr'><strong>ad</strong></span> <span class='ocrx_word' id='word_1_273' title='bbox 379 2035 459 2076; x_wconf 88' lang='lat' dir='ltr'><strong>lib.</strong></span> <span class='ocrx_word' id='word_1_274' title='bbox 473 2037 548 2076; x_wconf 92' lang='lat' dir='ltr'><strong>IV.</strong></span> <span class='ocrx_word' id='word_1_275' title='bbox 564 2037 587 2076; x_wconf 88' lang='lat'>8</span> <span class='ocrx_word' id='word_1_276' title='bbox 599 2050 630 2074; x_wconf 83' lang='lat'><strong>1.</strong></span> <span class='ocrx_word' id='word_1_277' title='bbox 647 2041 783 2076; x_wconf 75' lang='grc' dir='ltr'>πολλῶν</span> <span class='ocrx_word' id='word_1_278' title='bbox 800 2035 1003 2089; x_wconf 85' lang='lat' dir='ltr'><strong>prius.·-</strong></span> <span class='ocrx_word' id='word_1_279' title='bbox 1016 2036 1089 2077; x_wconf 86' lang='lat' dir='ltr'><strong>Sic</strong></span> <span class='ocrx_word' id='word_1_280' title='bbox 1100 2038 1156 2077; x_wconf 88' lang='lat' dir='ltr'><strong>F.</strong></span> <span class='ocrx_word' id='word_1_281' title='bbox 1171 2038 1261 2078; x_wconf 85' lang='lat' dir='ltr'><strong>Pa.</strong></span> <span class='ocrx_word' id='word_1_282' title='bbox 1278 2037 1367 2079; x_wconf 83' lang='lat' dir='ltr'><strong>Pb.</strong></span> 
     </span>
     <span class='ocr_line' id='line_1_33' title="bbox 46 2090 1366 2144; baseline 0.002 -13"><span class='ocrx_word' id='word_1_283' title='bbox 46 2092 111 2131; x_wconf 84' lang='lat' dir='ltr'><strong>Ex</strong></span> <span class='ocrx_word' id='word_1_284' title='bbox 137 2090 221 2131; x_wconf 79' lang='lat' dir='ltr'><strong>Pe.</strong></span> <span class='ocrx_word' id='word_1_285' title='bbox 248 2097 291 2131; x_wconf 85' lang='lat' dir='ltr'><strong>et</strong></span> <span class='ocrx_word' id='word_1_286' title='bbox 316 2092 408 2133; x_wconf 89' lang='lat' dir='ltr'><strong>Pd.</strong></span> <span class='ocrx_word' id='word_1_287' title='bbox 433 2091 499 2132; x_wconf 90' lang='lat' dir='ltr'><strong>nil</strong></span> <span class='ocrx_word' id='word_1_288' title='bbox 522 2097 747 2144; x_wconf 80' lang='lat' dir='ltr'><strong>notatum,</strong></span> <span class='ocrx_word' id='word_1_289' title='bbox 778 2099 828 2132; x_wconf 86' lang='lat' dir='ltr'><strong>ut</strong></span> <span class='ocrx_word' id='word_1_290' title='bbox 858 2091 1052 2132; x_wconf 88' lang='lat' dir='ltr'><strong>nesciam</strong></span> <span class='ocrx_word' id='word_1_291' title='bbox 1075 2106 1135 2132; x_wconf 88' lang='lat' dir='ltr'><strong>an</strong></span> <span class='ocrx_word' id='word_1_292' title='bbox 1167 2093 1239 2134; x_wconf 90' lang='lat' dir='ltr'><strong>illi</strong></span> <span class='ocrx_word' id='word_1_293' title='bbox 1261 2108 1366 2134; x_wconf 88' lang='lat' dir='ltr'><strong>cum</strong></span> 
     </span>
     <span class='ocr_line' id='line_1_34' title="bbox 54 2146 1365 2201; baseline 0.004 -17"><span class='ocrx_word' id='word_1_294' title='bbox 54 2146 128 2185; x_wconf 88' lang='lat' dir='ltr'><em>W</em></span> <span class='ocrx_word' id='word_1_295' title='bbox 122 2159 206 2185; x_wconf 80' lang='lat' dir='ltr'><strong>ess.</strong></span> <span class='ocrx_word' id='word_1_296' title='bbox 230 2146 278 2186; x_wconf 84' lang='lat' dir='ltr'><strong>in</strong></span> <span class='ocrx_word' id='word_1_297' title='bbox 298 2148 427 2189; x_wconf 75' lang='grc' dir='ltr'>πολλδν</span> <span class='ocrx_word' id='word_1_298' title='bbox 447 2146 738 2187; x_wconf 71' lang='lat' dir='ltr'><strong>consentiant.</strong></span> <span class='ocrx_word' id='word_1_299' title='bbox 791 2148 820 2187; x_wconf 78' lang='lat' dir='ltr'><strong>l.</strong></span> <span class='ocrx_word' id='word_1_300' title='bbox 851 2161 914 2199; x_wconf 83' lang='lat'><strong>19.</strong></span> <span class='ocrx_word' id='word_1_301' title='bbox 940 2149 1069 2194; x_wconf 73' lang='grc' dir='ltr'>πολλδς</span> <span class='ocrx_word' id='word_1_302' title='bbox 1092 2149 1267 2201; x_wconf 64' lang='lat' dir='ltr'><strong>creon-0¹5)</strong></span> <span class='ocrx_word' id='word_1_303' title='bbox 1292 2148 1365 2190; x_wconf 80' lang='lat' dir='ltr'><strong>Sic</strong></span> 
     </span>
     <span class='ocr_line' id='line_1_35' title="bbox 47 2201 1366 2254; baseline 0.002 -12"><span class='ocrx_word' id='word_1_304' title='bbox 47 2201 185 2242; x_wconf 78' lang='lat' dir='ltr'><strong>Pass.</strong></span> <span class='ocrx_word' id='word_1_305' title='bbox 209 2201 324 2242; x_wconf 75' lang='lat' dir='ltr'><strong>Ask.</strong></span> <span class='ocrx_word' id='word_1_306' title='bbox 339 2224 394 2235; x_wconf 91' lang='lat'><em>-</em></span> <span class='ocrx_word' id='word_1_307' title='bbox 425 2209 467 2242; x_wconf 88' lang='lat' dir='ltr'><strong>et</strong></span> <span class='ocrx_word' id='word_1_308' title='bbox 491 2203 547 2244; x_wconf 82' lang='lat' dir='ltr'><strong>F.</strong></span> <span class='ocrx_word' id='word_1_309' title='bbox 575 2215 687 2254; x_wconf 87' lang='lat' dir='ltr'><strong>quos</strong></span> <span class='ocrx_word' id='word_1_310' title='bbox 711 2211 886 2243; x_wconf 84' lang='lat' dir='ltr'><strong>secutus</strong></span> <span class='ocrx_word' id='word_1_311' title='bbox 915 2217 1030 2244; x_wconf 86' lang='lat' dir='ltr'><strong>sum.</strong></span> <span class='ocrx_word' id='word_1_312' title='bbox 1071 2205 1216 2254; x_wconf 70' lang='grc' dir='ltr'>στρατὸς</span> <span class='ocrx_word' id='word_1_313' title='bbox 1235 2206 1366 2250; x_wconf 47' lang='lat' dir='ltr'><strong>otono}</strong></span> 
     </span>
     <span class='ocr_line' id='line_1_36' title="bbox 47 2255 1137 2312; baseline 0.003 -16"><span class='ocrx_word' id='word_1_314' title='bbox 47 2255 116 2296; x_wconf 80' lang='lat' dir='ltr'><strong>ed.</strong></span> <span class='ocrx_word' id='word_1_315' title='bbox 133 2257 280 2298; x_wconf 79' lang='lat' dir='ltr'><strong>Wess.</strong></span> <span class='ocrx_word' id='word_1_316' title='bbox 305 2271 406 2298; x_wconf 87' lang='lat' dir='ltr'><strong>cum</strong></span> <span class='ocrx_word' id='word_1_317' title='bbox 425 2260 481 2298; x_wconf 81' lang='lat' dir='ltr'><strong>al.</strong></span> <span class='ocrx_word' id='word_1_318' title='bbox 533 2259 562 2297; x_wconf 84' lang='lat' dir='ltr'><strong>l.</strong></span> <span class='ocrx_word' id='word_1_319' title='bbox 582 2270 648 2299; x_wconf 83' lang='lat'><strong>21.</strong></span> <span class='ocrx_word' id='word_1_320' title='bbox 670 2257 867 2312; x_wconf 72' lang='grc' dir='ltr'>Ἐρέτριαν)</span> <span class='ocrx_word' id='word_1_321' title='bbox 883 2260 1063 2310; x_wconf 66' lang='grc' dir='ltr'><em>Ἐρέτρειοιν</em></span> <span class='ocrx_word' id='word_1_322' title='bbox 1080 2260 1137 2299; x_wconf 71' lang='lat' dir='ltr'><strong>F&#39;.</strong></span> 
     </span>
    </p>

    <p class='ocr_par' dir='ltr' id='par_1_4' title="bbox 44 2310 1364 2594">
     <span class='ocr_line' id='line_1_37' title="bbox 103 2310 1364 2368; baseline 0.003 -16"><span class='ocrx_word' id='word_1_323' title='bbox 103 2310 251 2354; x_wconf 82' lang='lat' dir='ltr'><strong>CAP.</strong></span> <span class='ocrx_word' id='word_1_324' title='bbox 266 2313 453 2354; x_wconf 81' lang='lat' dir='ltr'><strong>XLIV.</strong></span> <span class='ocrx_word' id='word_1_325' title='bbox 465 2311 574 2355; x_wconf 81' lang='lat' dir='ltr'><strong>Lin·</strong></span> <span class='ocrx_word' id='word_1_326' title='bbox 593 2327 629 2354; x_wconf 87' lang='lat'><strong>2.</strong></span> <span class='ocrx_word' id='word_1_327' title='bbox 646 2313 760 2368; x_wconf 70' lang='grc' dir='ltr'>ἕσαν)</span> <span class='ocrx_word' id='word_1_328' title='bbox 782 2311 866 2358; x_wconf 60' lang='grc' dir='ltr'><strong>ἦσαν</strong></span> <span class='ocrx_word' id='word_1_329' title='bbox 880 2315 938 2355; x_wconf 86' lang='lat' dir='ltr'><strong>F.</strong></span> <span class='ocrx_word' id='word_1_330' title='bbox 993 2312 1117 2356; x_wconf 75' lang='lat' dir='ltr'><strong>Ibid-</strong></span> <span class='ocrx_word' id='word_1_331' title='bbox 1135 2317 1164 2354; x_wconf 74' lang='grc' dir='ltr'><strong>ἐν</strong></span> <span class='ocrx_word' id='word_1_332' title='bbox 1180 2317 1241 2367; x_wconf 74' lang='grc' dir='ltr'><strong>νόῳ</strong></span> <span class='ocrx_word' id='word_1_333' title='bbox 1262 2316 1364 2364; x_wconf 71' lang='grc' dir='ltr'><strong><em>ἕχον-</em></strong></span> 
     </span>
     <span class='ocr_line' id='line_1_38' title="bbox 46 2364 1363 2424; baseline 0.003 -17"><span class='ocrx_word' id='word_1_334' title='bbox 46 2364 130 2420; x_wconf 78' lang='grc' dir='ltr'>τες)</span> <span class='ocrx_word' id='word_1_335' title='bbox 149 2367 238 2415; x_wconf 74' lang='grc' dir='ltr'><em>ἔχων</em></span> <span class='ocrx_word' id='word_1_336' title='bbox 260 2366 500 2416; x_wconf 70' lang='lat' dir='ltr'><strong>Rei-skins,</strong></span> <span class='ocrx_word' id='word_1_337' title='bbox 519 2371 640 2421; x_wconf 91' lang='lat' dir='ltr'><strong>quod</strong></span> <span class='ocrx_word' id='word_1_338' title='bbox 662 2372 831 2411; x_wconf 86' lang='lat' dir='ltr'><strong>malum</strong></span> <span class='ocrx_word' id='word_1_339' title='bbox 853 2384 947 2410; x_wconf 91' lang='lat' dir='ltr'><strong>non</strong></span> <span class='ocrx_word' id='word_1_340' title='bbox 964 2369 1080 2411; x_wconf 90' lang='lat' dir='ltr'><strong>foret</strong></span> <span class='ocrx_word' id='word_1_341' title='bbox 1094 2400 1105 2421; x_wconf 92' lang='lat'>‚</span> <span class='ocrx_word' id='word_1_342' title='bbox 1129 2369 1213 2410; x_wconf 87' lang='lat' dir='ltr'><strong>nisi</strong></span> <span class='ocrx_word' id='word_1_343' title='bbox 1232 2385 1363 2424; x_wconf 84' lang='lat' dir='ltr'><strong>saepe</strong></span> 
     </span>
     <span class='ocr_line' id='line_1_39' title="bbox 45 2424 1362 2478; baseline 0.002 -15"><span class='ocrx_word' id='word_1_344' title='bbox 45 2429 265 2463; x_wconf 82' lang='lat' dir='ltr'><strong>structura</strong></span> <span class='ocrx_word' id='word_1_345' title='bbox 290 2437 453 2465; x_wconf 87' lang='lat' dir='ltr'><strong>vocum</strong></span> <span class='ocrx_word' id='word_1_346' title='bbox 485 2424 530 2464; x_wconf 90' lang='lat' dir='ltr'><strong>in</strong></span> <span class='ocrx_word' id='word_1_347' title='bbox 560 2425 700 2465; x_wconf 80' lang='lat' dir='ltr'><strong>Musis</strong></span> <span class='ocrx_word' id='word_1_348' title='bbox 733 2433 992 2466; x_wconf 87' lang='lat' dir='ltr'><strong>mutaretur.</strong></span> <span class='ocrx_word' id='word_1_349' title='bbox 1035 2425 1152 2469; x_wconf 89' lang='lat' dir='ltr'><strong>Vide</strong></span> <span class='ocrx_word' id='word_1_350' title='bbox 1177 2428 1302 2468; x_wconf 91' lang='lat' dir='ltr'><strong>VIII.</strong></span> <span class='ocrx_word' id='word_1_351' title='bbox 1325 2442 1362 2478; x_wconf 91' lang='lat'><strong>7.</strong></span> 
     </span>
     <span class='ocr_line' id='line_1_40' title="bbox 44 2479 1363 2534; baseline 0.002 -16"><span class='ocrx_word' id='word_1_352' title='bbox 44 2499 98 2509; x_wconf 88' lang='lat'><em>-</em></span> <span class='ocrx_word' id='word_1_353' title='bbox 125 2479 361 2534; x_wconf 86' lang='lat' dir='ltr'><strong>Vulgatum</strong></span> <span class='ocrx_word' id='word_1_354' title='bbox 377 2485 494 2520; x_wconf 86' lang='lat' dir='ltr'><strong>recte</strong></span> <span class='ocrx_word' id='word_1_355' title='bbox 513 2487 692 2520; x_wconf 85' lang='lat' dir='ltr'><strong>tuentur</strong></span> <span class='ocrx_word' id='word_1_356' title='bbox 715 2481 822 2522; x_wconf 87' lang='lat' dir='ltr'><strong>libri</strong></span> <span class='ocrx_word' id='word_1_357' title='bbox 842 2495 1011 2523; x_wconf 87' lang='lat' dir='ltr'><strong>omnes.</strong></span> <span class='ocrx_word' id='word_1_358' title='bbox 1076 2482 1106 2521; x_wconf 90' lang='lat' dir='ltr'><strong>l.</strong></span> <span class='ocrx_word' id='word_1_359' title='bbox 1128 2485 1166 2522; x_wconf 83' lang='lat'><strong>3.</strong></span> <span class='ocrx_word' id='word_1_360' title='bbox 1200 2481 1363 2523; x_wconf 69' lang='grc' dir='ltr'><strong><em>δύναιν-</em></strong></span> 
     </span>
     <span class='ocr_line' id='line_1_41' title="bbox 46 2531 1364 2594; baseline 0.004 -21"><span class='ocrx_word' id='word_1_361' title='bbox 46 2531 122 2587; x_wconf 81' lang='grc' dir='ltr'><strong>το)</strong></span> <span class='ocrx_word' id='word_1_362' title='bbox 149 2532 356 2575; x_wconf 61' lang='grc' dir='ltr'><strong>δίωνται</strong></span> <span class='ocrx_word' id='word_1_363' title='bbox 379 2535 525 2577; x_wconf 78' lang='grc' dir='ltr'><em>ΑνοΙι.</em></span> <span class='ocrx_word' id='word_1_364' title='bbox 546 2537 684 2577; x_wconf 81' lang='lat' dir='ltr'><strong>Pass.</strong></span> <span class='ocrx_word' id='word_1_365' title='bbox 703 2561 757 2570; x_wconf 90' lang='lat'><em>-</em></span> <span class='ocrx_word' id='word_1_366' title='bbox 781 2544 824 2578; x_wconf 85' lang='lat' dir='ltr'><strong>et</strong></span> <span class='ocrx_word' id='word_1_367' title='bbox 847 2537 937 2580; x_wconf 86' lang='lat' dir='ltr'><strong>Pa.</strong></span> <span class='ocrx_word' id='word_1_368' title='bbox 969 2538 1213 2594; x_wconf 86' lang='lat' dir='ltr'><strong>Vulgatum</strong></span> <span class='ocrx_word' id='word_1_369' title='bbox 1244 2543 1364 2579; x_wconf 83' lang='lat' dir='ltr'><strong>tenet</strong></span> 
     </span>
    </p>
   </div>
  </div>
 </body>
</html>
