1752 3042
302 193 390 241 IN
426 191 860 240 HERODOTI
895 191 1049 239 LIB.
1086 194 1228 245 VII.
1325 210 1419 261 119

105 307 181 350 ma
212 307 502 363 δυωδεκαπόλιες)
532 323 614 362 pro
641 307 862 349 adiectivo
888 304 1105 359 accipias,
1130 308 1186 346 ad
1215 308 1443 348 substan·‘

105 364 249 405 tivum
275 365 383 410 Ἴωνες
416 367 570 404 relato.
613 367 844 405 Caeterum
878 362 998 401 conf.
1027 362 1063 401 I.
1096 373 1187 410 142.
1221 369 1265 401 et
1294 377 1417 416 seqq.

112 421 143 460 l.
167 432 207 470 4.
242 421 393 462 Ἀθηνέων
410 419 544 460 Pass.
559 420 682 461 Med.
695 419 807 459 Ask.
829 417 1006 471 [nescio
1027 431 1084 457 an
1098 414 1279 470 Paris-J
1298 421 1418 459 Male

98 467 276 520 Ἀθηναίων
301 482 441 514 antea.
472 498 524 507 —
552 475 624 515 Sic
645 476 700 514 F.
722 489 822 514 cum
847 474 947 513 edd.
978 480 1080 513 ante
1110 473 1259 513 Gron.
1287 474 1420 514 Conf-

105 532 143 572 Ῑ.
164 543 255 582 147.
325 531 357 569 l.
384 532 423 569 6.
449 532 490 577 ὥς
507 531 671 573 Ἑλλήνων
691 527 822 581 λόγος)
855 531 986 568 Deest
1015 531 1056 575 ὥς
1080 529 1217 569 Pas-5.
1246 552 1302 560 —-
1332 531 1373 575 ὠς
1398 532 1416 570 ὅ

103 588 203 627 Ἐλλ.
231 587 330 631 λόγος
362 587 495 625 habet
531 586 588 625 R
670 585 701 623 l.
727 587 764 624 8.
795 583 1000 627 Ἀβυδηνοῖσι
1037 582 1136 637 γάρ)
1176 583 1418 637 perperam

103 641 273 683 Ἀβυδηνοὶ
291 641 357 691 γοὶρ
381 642 437 681 E
476 639 555 692 qui
576 652 681 679 mox
711 643 867 684 [Βασιλεός
889 639 983 679 sive
1009 642 1192 692 βασιλέως,
1211 654 1316 679 nam
1333 654 1416 692 po-

101 702 264 737 strema
283 697 460 749 syllaba
479 709 569 735 non
592 709 807 747 expressa.
866 696 895 735 l.
914 710 937 746 9
954 709 1043 748 seq.
1065 698 1094 735 οἱ
1115 694 1146 734 δὲ
1167 700 1276 735 λοιποὶ
1299 698 1334 735 ἐκ
1357 698 1418 738 τοῦ

103 751 237 792 Πόντου
261 749 539 805 στρατευόμενοι)
572 750 730 793 Verius
753 750 839 792 erit
867 754 895 791 οἱ
918 751 950 790 δὲ
974 754 1083 792 λοιποὶ
1112 753 1146 789 οἱ
1175 753 1212 790 ἔκ
1238 770 1272 791 τ.
1291 759 1340 791 Π.
1361 768 1416 790 στ’.

102 806 170 846 uti
196 821 231 846 c.
254 820 344 845 101.
365 808 520 846 WJ-:ss-
553 829 604 837 —
638 807 687 846 Et
713 811 749 847 οἱ
779 803 855 846 hic
879 805 1046 859 recepit
1064 803 1245 859 Schaef.
1277 805 1417 859 Mihi,

101 876 244 914 quum
277 862 391 902 adsit
420 861 706 915 participium
738 863 1011 914 στρατευόμενοι,
1049 862 1107 899 ad
1143 862 1265 913 quod
1296 875 1417 902 com·

99 919 235 958 mode
265 916 423 958 referri
452 918 579 970 prior
605 918 817 958 articulus
846 916 1007 970 possit,
1040 929 1134 955 non
1163 916 1416 957 necessario

98 973 270 1025 requiri
293 973 505 1026 repetitus
533 973 744 1014 articulus
767 973 1027 1026 videbatur,
1050 985 1185 1023 quem
1207 971 1416 1027 ignorant

97 1035 267 1069 veteres
286 1027 394 1068 libri
407 1042 576 1069 omnes.

153 1083 303 1126 CAP-
330 1084 517 1126 XCVI·
545 1083 653 1126 Lin.
682 1098 719 1125 2.
746 1085 870 1125 τούτων
889 1084 947 1123 R
974 1082 1193 1135 Idemque
1218 1082 1324 1123 dein
1348 1085 1416 1124 αὕ-

99 1142 165 1179 τῶν
184 1147 227 1179 et
244 1136 350 1192 ἦσαν,
371 1147 640 1180 constanter:
660 1140 723 1181 sic
740 1146 781 1179 et
799 1139 847 1178 in
863 1152 985 1191 seqq.
1046 1140 1076 1178 l.
1093 1144 1130 1181 5.
1147 1137 1298 1193 ἐπῆσαν)
1324 1140 1417 1182 ἐπήϊ-

97 1213 162 1234 exv
174 1194 324 1236 Arch.
380 1196 412 1234 l.
433 1198 472 1235 6.
494 1196 697 1249 ἐξέργομαι)
717 1197 901 1246 ἐξείργομαι
922 1207 1076 1249 margo
1094 1194 1251 1247 Steph.
1266 1193 1415 1236 Arch-

105 1250 160 1290 V
157 1247 254 1290 ind.
264 1251 402 1291 Pass.
419 1275 471 1281 —
493 1253 632 1291 Prave
651 1253 826 1302 ἐξέρχομαι
843 1250 934 1290 Pd.
959 1251 1204 1305 Vulgatum
1225 1255 1345 1290 tenet
1359 1251 1417 1289 F.

99 1318 202 1345 cum
232 1305 345 1346 aliis.
415 1307 445 1346 l.
479 1320 516 1357 7.
555 1307 726 1353 ἐπάξιοι
763 1302 908 1345 Vind.
936 1313 980 1345 et
1008 1305 1124 1345 Edit.
1152 1305 1310 1346 Genev.
1338 1304 1419 1358 [ex

95 1359 246 1402 Porti
266 1361 621 1416 emendatione]
652 1360 775 1401 Olim
801 1362 958 1407 οέποέξιοι.
981 1384 1038 1392 -
1060 1360 1132 1401 Sic
1151 1361 1208 1400 F.
1225 1362 1312 1402 Pe.
1328 1361 1414 1402 Pb.

95 1417 161 1455 Ex
189 1416 288 1457 aliis
308 1415 468 1458 Paris.
496 1417 563 1457 nil
588 1423 806 1458 notatum.
864 1417 894 1456 l.
915 1419 954 1457 8.
974 1417 1009 1457 ἕν
1028 1434 1071 1457 τε
1089 1415 1197 1469 ἔθνεϊ)
1225 1416 1298 1457 Sic
1317 1419 1416 1457 cod.

97 1472 155 1512 E
178 1478 229 1512 ut
248 1471 390 1513 edid1‘t
401 1474 549 1514 Borh·
567 1472 659 1513 Alii
681 1473 819 1526 vulgo
840 1471 874 1511 ἕν
892 1473 924 1511 τ’
942 1472 1035 1513 ἔθνεϊ.
1096 1472 1126 1511 l.
1146 1487 1193 1513 10
1208 1487 1298 1526 seq.
1315 1491 1418 1524 στρα-

97 1531 196 1572 τηγοί
216 1545 262 1567 τε
291 1530 320 1568 οἱ
346 1529 388 1568 ro*
412 1528 520 1583 σῐοῒν)
549 1533 729 1581 στρατηγοὶ
757 1531 785 1568 οἱ
808 1528 849 1568 ‘to‘
875 1529 947 1568 πεῖν
972 1527 1122 1568 Arch.
1149 1526 1279 1568 Brit.
1302 1527 1415 1568 Ask-

103 1582 159 1623 V
153 1583 264 1623 alla.
292 1585 667 1638 Interponebatur
690 1586 872 1635 στρατηγοί
895 1600 931 1622 τε
951 1588 1011 1624 καὶ
1033 1582 1192 1635 ἄρχοντες
1215 1587 1242 1623 οἱ
1264 1585 1305 1626 ro*
1326 1587 1416 1624 ποῖν.

94 1662 151 1670 -
172 1637 245 1678 Sic
275 1640 376 1678 edd.
396 1647 498 1680 ante
529 1642 678 1681 Wess.
706 1637 786 1691 qui
813 1651 920 1678 mox
949 1638 1055 1678 dein
1083 1637 1230 1678 nihilo
1266 1639 1415 1681 minus

95 1694 354 1746 repetebant
374 1700 432 1736 καὶ
452 1695 622 1747 ἄρχοντες.
651 1694 872 1747 Equidem
895 1701 1099 1735 nostrum
1124 1696 1223 1734 cod.
1241 1695 1291 1735 F.
1314 1709 1413 1735 sum

94 1756 293 1803 secutus,
333 1755 516 1801 στρατηγοί
542 1770 585 1791 τε
618 1755 645 1791 οῖ
677 1757 758 1790 etc.
790 1749 1086 1803 scribentem,
1121 1750 1415 1803 suspicorque

94 1807 298 1845 eamdem
314 1805 581 1859 scripturam
599 1806 646 1845 in
668 1805 769 1846 aliis
782 1805 910 1846 libris
926 1805 984 1845 iri
1003 1812 1244 1859 repertum.
1300 1806 1331 1846 l.
1351 1820 1411 1847 12.

95 1863 240 1912 εἷρέατοιῖ
261 1858 348 1914 μοι)
373 1862 510 1908 νῖρέαται
530 1863 716 1906 μεῧνοιῙῙῖ
741 1863 872 1901 male.

150 1915 301 1958 CAP.
324 1917 544 1959 XCVII.
573 1915 680 1957 Lin.
713 1934 747 1957 1.
785 1916 849 1957 οἵδε
879 1919 1002 1958 abest
1025 1918 1162 1958 Pass.
1186 1915 1300 1958 Ask.
1333 1915 1413 1969 [F.

94 1969 210 2024 Pb.]
235 1971 332 2012 sine
358 1986 521 2013 caussa.
550 1997 605 2004 -
643 1974 806 2013 Abesse
833 1979 980 2013 tamen
1013 1974 1142 2014 nullo
1167 1974 1415 2013 admodum

94 2025 386 2069 incommodo
411 2033 599 2083 poterat.
656 2030 686 2067 l.
710 2041 748 2069 2.
771 2025 1006 2081 Ἀσπαθίνεω)
1035 2029 1250 2072 Ἀσπαθίνεω
1265 2028 1414 2070 Arch-

104 2082 266 2122 Valla.
339 2085 370 2124 l.
394 2097 434 2135 4.
468 2082 647 2138 Καρικῆς)
675 2088 799 2136 Καρίης
824 2084 974 2125 Arch.
1009 2097 1103 2124 non
1134 2086 1266 2124 male.
1310 2085 1413 2126 Vid.

94 2137 252 2190 Steph.
283 2139 399 2196 Byz.
435 2139 484 2179 in
508 2145 642 2192 Καρία,
674 2146 716 2180 et
743 2139 822 2180 lib.
852 2141 888 2179 Ι.
921 2154 1012 2190 171.
1042 2138 1124 2180 ubi
1156 2146 1411 2192 utrumque⁴

96 2194 128 2234 l.
154 2196 194 2233 6.
229 2193 376 2249 Ξέρξεω)
407 2200 542 2247 Δαρείου
569 2195 716 2237 Arch.
748 2209 900 2248 prave.
925 2194 1041 2236 Vide
1071 2197 1156 2235 III.
1181 2209 1244 2237 12.
1322 2197 1352 2236 l.
1372 2211 1412 2248 9.

95 2251 216 2300 μακροὲ
245 2250 369 2290 Med.
389 2251 526 2291 Pass.
546 2250 658 2291 Ask.
687 2251 766 2306 [F.
797 2265 880 2292 nec
906 2251 1031 2292 aliud
1062 2265 1115 2291 ex
1136 2249 1324 2306 Pari-n]
1358 2253 1412 2291 In

98 2305 200 2345 aliis
219 2307 326 2356 μικροὶ
339 2336 350 2358 ,
373 2312 422 2345 ut
437 2305 547 2347 Αἶά.
566 2313 647 2347 etc.

151 2360 303 2403 CAP·
332 2359 576 2404 XCVIII.
605 2361 714 2403 Lin.
748 2377 783 2401 l.
816 2364 1022 2414 στρατηγοΰς
1047 2362 1235 2418 negligit
1262 2361 1410 2403 Arell-

95 2417 125 2456 ἶ.
155 2430 193 2456 2.
226 2420 260 2457 εἴ
288 2415 522 2471 &voum-Th.)
547 2417 618 2457 Sic
641 2418 750 2458 Asb.
772 2441 825 2449 --
856 2432 879 2458 e
902 2431 992 2470 quo
1011 2433 1113 2458 cum
1135 2415 1317 2474 Schae’s:
1342 2432 1411 2458 re-

95 2471 194 2525 cepi
221 2472 458 2514 articulum
473 2503 484 2525 ‚
507 2472 587 2524 qui
611 2473 793 2526 quidem
815 2475 966 2514 abesse
988 2473 1121 2514 etiam
1147 2480 1342 2528 poterat,
1369 2480 1414 2513 et
