1752 3042
275 249 370 312 392

356 525 968 576 ARGUMENTUM
1005 526 1235 575 LIBRI
1271 527 1517 577 SEXTI.

272 695 674 792 .H1s·r1Atus,
715 740 923 782 Miletum
957 742 1205 794 rediturus,
1241 739 1356 793 (lib.
1383 742 1436 783 V.
1466 739 1590 794 106.)

272 795 546 846 Artapherni
574 802 828 849 suspectus,
867 809 951 836 nec
974 799 1029 837 ab
1061 796 1168 850 ipsis
1199 796 1387 837 Milesiis
1417 801 1459 836 et
1489 796 1591 838 aliis

272 849 460 890 Ionibus
485 858 707 903 receptus,
737 865 838 891 cum
857 852 1026 892 Lesbiis
1047 852 1236 893 navibus
1258 851 1522 906 Byzantium
1542 866 1590 893 se

273 904 458 944 confert.
479 904 626 969 (Qap.
649 905 780 959 1-5.)
828 907 969 947 Persis
1002 906 1221 948 Miletum
1249 915 1364 948 terra
1386 907 1590 959 marique

275 963 661 1015 oppugnantibus,
691 963 822 1002 Iones
848 964 906 1002 ad
920 976 1134 1019 pugnam
1158 964 1361 1003 navalem
1384 963 1590 1015 aliquan-

274 1015 411 1067 tisper
444 1024 621 1057 strenue
652 1031 698 1057 se
735 1025 963 1069 exercent,
1004 1024 1185 1058 auctore
1218 1017 1442 1071 Dionysio
1471 1020 1590 1058 Pho-

276 1071 424 1111 censi:
459 1086 564 1113 mox
590 1086 698 1113 vero
721 1072 982 1126 disciplinae
1015 1073 1229 1126 pertaesi,
1261 1074 1432 1126 praelio
1467 1087 1590 1114 com-

275 1126 434 1178 misso,
471 1127 631 1168 deserti
660 1142 684 1168 a
719 1128 904 1178 Samiis,
939 1128 1111 1183 ingenti
1148 1129 1272 1168 clade
1304 1128 1589 1170 adficiuntur.

273 1181 331 1236 (6
349 1180 471 1235 -15.)
519 1181 748 1225 Chiorum
774 1184 808 1224 ii
840 1184 997 1236 etiam,
1037 1184 1116 1236 qui
1154 1192 1404 1235 evaserant,
1435 1185 1492 1224 ab
1519 1183 1590 1224 in-

271 1236 374 1278 sciis
406 1238 607 1290 Ephesiis
636 1239 915 1280 occiduntur.
937 1239 1068 1293 (16.)
1116 1239 1364 1292 Dionysius
1390 1238 1590 1280 Siciliam

271 1292 401 1345 petit,
426 1293 581 1346 ibique
606 1294 836 1347 piraticam
855 1302 1039 1335 exercet.
1059 1294 1079 1349 (
1099 1294 1189 1347 17.)
1233 1293 1429 1335 Miletus
1447 1302 1590 1348 capta

271 1363 303 1389 a
322 1346 512 1395 Persis,
550 1357 599 1389 ut
628 1350 794 1403 Pythia
822 1350 1126 1404 praedixerat3
1154 1349 1254 1403 (18.
1279 1349 1373 1404 19.)
1413 1349 1590 1391 incolae

270 1405 329 1444 ad
343 1404 538 1459 Tigridis
561 1405 672 1446 ostia
697 1405 931 1459 deportati.
948 1405 1080 1459 (20.)
1124 1404 1405 1446 Milesiorum
1424 1412 1590 1446 sortem

270 1461 472 1515 lugentes
490 1460 802 1513 Athenienses,
821 1463 1009 1501 multant
1022 1459 1355 1517 Phrynichum
1364 1490 1384 1509 ‚
1404 1461 1484 1514 qui
1503 1468 1590 1502 tra-

269 1514 480 1571 goediam
502 1517 659 1559 Μιλήτου
685 1517 808 1558 ἅλωσιν
833 1519 1060 1558 docuerat.
1079 1516 1206 1571 (αι.)

326 1569 598 1612 Samiorum
637 1585 763 1624 pars,
802 1571 958 1626 iugum
996 1574 1235 1614 Persarum
1273 1573 1587 1626 abhorrentes,

274 1640 376 1666 cum
401 1626 603 1681 profugis
625 1625 830 1668 Milesiis
850 1627 1048 1669 Siciliam
1069 1634 1248 1681 petunt,
1280 1627 1436 1679 ibique
1455 1628 1590 1668 Zan-

273 1683 375 1722 clen
408 1683 567 1723 urbem
596 1690 836 1735 occupant3
871 1683 994 1724 cuius
1023 1691 1239 1737 tyrannus
1266 1683 1492 1740 Scythas,
1520 1697 1589 1723 re-

273 1751 364 1793 gno
399 1745 583 1789 exutus,
616 1739 670 1777 ad
703 1739 890 1778 Darium
919 1739 1131 1795 profugit.
1164 1736 1386 1791 (22-24.)
1433 1740 1590 1779 Samus

274 1799 317 1834 et
343 1793 468 1832 Caria
498 1792 546 1832 in
579 1794 808 1834 Persarum
839 1795 1059 1836 ditionem
1084 1796 1298 1835 redactae.
1321 1791 1449 1846 (25.)
1492 1792 1590 1834 Hi-

271 1846 451 1890 stiaeus
474 1848 634 1888 Chium
660 1850 854 1905 subigit:
890 1851 995 1891 dein
1015 1851 1063 1890 in
1087 1849 1344 1891 continente
1366 1863 1467 1889 cum
1488 1851 1589 1889 Per-

271 1904 330 1946 sis
354 1918 634 1958 congressus,
667 1905 797 1946 vivus
820 1907 1014 1960 capitur,
1043 1912 1085 1946 et
1104 1908 1260 1946 Sardes
1279 1905 1494 1945 abductus
1515 1919 1590 1944 ne-

271 1967 395 2000 catur
415 1961 471 2000 ab
499 1961 800 2012 Artapherne‚
828 1961 974 2003 invito
1004 1976 1122 2016 rege.
1142 1958 1367 2015 (26-30.)
1415 1960 1589 2000 Caeteri

269 2017 401 2056 Iones
435 2029 460 2054 a
499 2015 647 2056 Persis
680 2017 961 2072 subiguntur.
992 2017 1089 2071 (31.
1115 2016 1210 2070 32.)
1267 2015 1589 2058 Chersonesus

268 2071 325 2112 ad
367 2072 709 2123 Hellespontum
752 2080 794 2113 et
826 2080 914 2113 tota
952 2087 1029 2114 ora
1060 2073 1274 2114 Thraciae
1311 2085 1452 2123 usque
1490 2071 1588 2128 By-

268 2124 483 2169 zantium
502 2126 548 2165 in
572 2129 801 2169 Persarum
828 2128 1046 2170 ditionem
1070 2128 1299 2182 redigitur.
1318 2126 1450 2179 (33.)

323 2179 571 2238 Digressio
602 2183 658 2223 de
685 2183 1049 2226 Chersoneso
1094 2180 1339 2224 Thracica.
1369 2180 1587 2223 Pisistrati

267 2243 407 2278 aetate
432 2243 630 2278 tenuerat
648 2252 745 2278 eam
773 2238 1020 2281 Miltiades
1040 2268 1050 2283 ,
1071 2238 1252 2292 Cypseli
1280 2237 1422 2289 filius,
1444 2251 1469 2277 a
1485 2238 1587 2279 Do-

269 2291 421 2334 loncis
448 2292 535 2333 sibi
565 2293 769 2333 traditam
784 2326 795 2346 ,
819 2296 896 2347 qui
919 2310 1021 2335 cum
1045 2295 1218 2335 colonis
1240 2292 1586 2334 Atheniensibus

268 2362 322 2389 eo
355 2348 580 2401 profectus
612 2356 687 2389 est.
718 2349 939 2404 (34-37.)
994 2351 1112 2390 Huic
1143 2355 1408 2391 successerat
1440 2348 1587 2390 fratris

268 2403 433 2445 uterini
464 2401 674 2446 Cimonis
700 2404 787 2456 (cf.
815 2420 850 2445 c.
883 2405 1002 2458 103.)
1032 2406 1173 2455 filius,
1201 2407 1510 2460 Stesagoras‚·
1543 2409 1587 2444 et

264 2466 366 2512 post
385 2461 506 2500 hunc
531 2461 641 2500 alter
667 2461 866 2501 Cimonis
889 2461 1006 2502 filius
1034 2459 1281 2502 Miltiades
1296 2490 1306 2505 ,
1327 2459 1511 2501 Athenis
1530 2472 1583 2499 eo

264 2529 290 2557 a
310 2515 593 2559 Pisistratidis
618 2515 790 2559 missus.
809 2514 908 2572 (38.
928 2515 1022 2570 39.)
1066 2519 1130 2572 Is,
1148 2515 1325 2572 Scythis
1344 2522 1443 2571 post
1458 2513 1584 2556 Darii
