1752 3042
6 0 48 91 ιιᾖ

372 241 684 295 ARGUM.
719 240 867 291 ΗΒ.
903 241 1162 292 SEXT1.·
1324 242 1423 308 393

108 355 349 398 discessum
371 355 420 399 in
449 358 771 398 Chersonesum
796 352 1171 407 irrumpentibus,
1198 353 1424 406 profugit:

108 412 215 453 dein
236 412 283 453 in
305 426 494 468 regnum
513 410 760 463 restitutus,
778 410 837 450 ob
855 411 1085 451 Persarum
1105 415 1274 449 metum
1292 410 1425 461 quin-

108 482 198 520 que
220 468 475 509 triremibus
500 465 723 507 instructis
746 466 942 505 Athenas
975 464 1123 505 rediit.
1163 464 1302 505 Filius
1330 464 1425 505 eius

107 523 383 576 Metiochus,
405 536 506 563 cum
530 535 618 562 una
642 519 814 562 triremi
839 526 1010 574 captus,
1035 522 1092 560 ad
1112 520 1300 561 Darium
1321 520 1427 561 mis-

107 593 181 622 sus
203 586 267 620 est
286 586 329 620 et
345 580 458 619 bene
474 578 529 617 ab
551 590 605 617 eo
625 575 822 617 habitus.
842 575 944 629 (40.
958 574 1058 630 41.)

162 635 294 675 Ionia
322 634 498 688 penitus
522 634 702 685 pacata,
743 639 786 672 et
813 634 945 674 rebus
972 630 1183 672 omnibus
1211 629 1278 671 ibi
1304 629 1426 671 ordi-

108 689 244 742 natis,
264 689 394 742 (42.)
434 685 724 730 Mardonius
741 702 840 728 cum
855 687 1029 744 ingenti
1044 689 1179 728 classe
1197 689 1426 740 Europam

107 745 240 798 petit,
275 743 471 785 Eretriae
496 749 539 784 et
563 744 748 784 Athenis
766 743 856 795 (cf.
871 746 923 785 V.
951 744 1049 796 99.)
1078 744 1250 784 bellum
1274 743 1425 783 illatu-

106 797 345 854 rus.(43.)
387 801 533 840 Thaso
568 805 611 839 et
637 807 762 852 parte
790 799 1085 840 Macedoniae
1115 799 1316 853 primum
1349 812 1426 838 ex-

104 855 337 911 pugnatis,
373 856 481 895 dum
520 855 666 896 classis
699 854 866 897 Athon
894 862 1094 896 montem
1126 852 1424 895 circumvehi-

104 919 202 964 tur,
224 909 314 951 acri
338 917 489 951 coorta
513 917 796 964 tempestate,
821 911 1046 963 plurimae
1067 923 1200 950 naves
1220 916 1423 963 pereunt.

103 964 234 1020 (44.)
283 965 426 1006 Simul
442 967 658 1020 pedestris
677 965 893 1008 exercitus
913 966 962 1007 in
981 966 1246 1006 Macedonia
1262 979 1286 1005 a
1303 966 1424 1020 Bry-

97 1019 176 1079 gis
200 1021 447 1062 Thracibus
476 1036 685 1078 magnam
714 1023 886 1063 cladem
918 1021 1112 1076 accepit:
1145 1021 1309 1073 quibus
1340 1034 1422 1074 po-

100 1083 267 1118 stremo
307 1076 522 1131 devictis,
561 1079 611 1119 in
642 1078 805 1118 Asiam
841 1078 1104 1118 Mardonius
1136 1077 1263 1117 redit.
1292 1074 1423 1129 (45.)

109 1130 298 1179 Thasii,
333 1133 528 1174 metallis
559 1133 789 1187 opulenti,
825 1134 1121 1174 rebellionem
1158 1132 1420 1186 molientes,

100 1201 233 1228 muro
262 1194 304 1228 et
327 1188 516 1230 navibus
540 1189 661 1230 exuti
686 1196 801 1230 sunt.
821 1190 918 1241 (46.
933 1188 1034 1244 47.)
1083 1187 1268 1229 Darius
1294 1202 1424 1241 prae-

100 1256 235 1285 cones
261 1258 343 1297 per
363 1244 592 1286 Graeciam
628 1244 816 1296 dimisit,
845 1251 1024 1285 terram
1050 1251 1097 1285 ec
1126 1257 1297 1297 aquam
1325 1242 1422 1299 regi

98 1300 401 1353 postulantes:
441 1299 540 1355 (48.
568 1301 623 1341 cf.
657 1301 759 1342 VII.
790 1303 853 1342 32.
884 1306 927 1340 et
956 1305 1067 1343 131-
1086 1301 1210 1351 136.)
1256 1299 1422 1351 quihus

102 1369 243 1407 quum
276 1362 319 1396 et
351 1355 431 1395 alii
466 1362 508 1395 et
535 1355 584 1395 in
621 1355 690 1396 his
720 1353 978 1412 Aeginetae
1016 1362 1160 1396 essent
1193 1355 1420 1408 obsecuti,

99 1412 341 1466 Aeginetae
365 1413 453 1451 hoc
480 1411 666 1452 nomine
689 1412 744 1452 ab
771 1410 1119 1452 Atheniensibus
1147 1412 1269 1464 apud
1288 1412 1422 1464 Spar-

98 1472 226 1507 tanos
245 1466 438 1507 accusati
459 1474 575 1507 sunt.
595 1466 616 1522 (
628 1466 728 1522 49.)
777 1468 1065 1514 Cleomenes,
1090 1481 1177 1507 rex
1194 1468 1420 1520 Spartae,

82 1521 314 1577 ·Aeginam
335 1521 633 1575 proficiscitur
649 1522 890 1563 deditionis
909 1529 1112 1563 auctores
1130 1523 1422 1575 comprehen-

97 1591 251 1618 surus:
282 1579 359 1619 sed
387 1592 469 1631 per
495 1576 776 1626 Demarati,
801 1579 983 1619 alterius
1012 1577 1155 1633 regis,
1191 1578 1419 1618 machina-

98 1632 243 1674 tiones
269 1640 311 1674 et
338 1631 449 1676 Crii
479 1633 731 1689 Aeginetae
768 1633 1137 1675 vociferationem
1174 1633 1339 1675 infecta
1370 1648 1418 1674 re

99 1688 327 1729 discedere
348 1689 535 1744 cogitur.
555 1691 651 1743 (50.
672 1688 768 1743 51.)

153 1742 402 1801 Digressio
434 1746 497 1786 de
531 1743 771 1803 regibus
807 1746 1257 1799 Spartanorum.
1301 1743 1419 1786 Ari-

97 1800 336 1842 stodemus
368 1801 629 1853 Heraclida,
658 1800 867 1842 conditor
894 1801 1100 1843 coloniae
1127 1800 1418 1842 Doriensium

96 1855 144 1895 in
171 1869 279 1911 agro
307 1856 552 1898 Laconico:
583 1856 782 1898 eiusdem
809 1856 893 1897 filii
920 1856 1127 1912 gemelli,
1157 1857 1419 1914 Eurysthe-

96 1925 177 1952 nes
209 1918 252 1951 et
279 1913 504 1958 Procles,
535 1914 724 1953 duarum
760 1912 1032 1953 familiarum
1075 1912 1300 1966 regiarum
1337 1927 1419 1953 au-

97 1973 252 2007 ctores.
271 1967 402 2021 (52.)
446 1966 757 2009 Doriensium
781 1983 908 2026 reges
937 1982 961 2009 a
983 1968 1251 2020 maioribus,
1275 1983 1419 2021 usque

96 2036 122 2062 a
139 2023 341 2070 Perseo,
361 2025 582 2066 Hellenes
610 2024 761 2075 fuere;
785 2038 810 2063 a
834 2027 991 2065 Dana'e'
1011 2038 1143 2070 vero,
1176 2024 1418 2080 Aegyptii.

97 2080 307 2119 Perseum
327 2079 511 2130 quidem
542 2082 698 2121 Persae
727 2079 876 2134 aiunt,
909 2095 1049 2132 quum
1073 2079 1282 2133 Assyrius
1308 2080 1418 2121 fuis-

95 2139 180 2185 set,
203 2136 421 2175 Graecum
441 2149 533 2176 esse
559 2136 871 2187 factum-(53-
886 2134 982 2189 55.)
1033 2138 1137 2177 Iura
1162 2142 1295 2187 atque
1316 2151 1418 2176 mu-

97 2202 212 2229 nera
245 2190 425 2248 Regum
457 2192 836 2245 Spartanorum,
870 2191 919 2231 in
949 2193 1094 2243 bello,
1119 2189 1250 2244 (56.)
1298 2199 1340 2232 et
1367 2192 1417 2232 in

95 2258 218 2297 pace.
244 2244 376 2300 (57.)
422 2249 629 2288 Honores
658 2255 759 2301 post
804 2254 996 2288 mortem
1027 2248 1165 2288 iidem
1209 2247 1302 2287 fere
1337 2247 1417 2299 qui

97 2300 253 2341 Persis.
277 2300 406 2355 (58.)
454 2302 554 2343 Alia
588 2302 817 2345 instituta
852 2304 1078 2357 Spartanis
1111 2318 1214 2344 cum
1245 2303 1415 2357 Persis,

96 2361 139 2395 et
160 2369 262 2395 cum
284 2356 550 2412 Aegyptiis,
576 2359 848 2400 communia.
868 2358 967 2413 (59.
985 2358 1085 2414 60.)

148 2410 383 2460 Ariston,
414 2415 594 2466 Spartae
629 2429 731 2468 rex,
774 2430 915 2467 quum
948 2417 1057 2457 duas
1092 2414 1302 2467 deinceps
1338 2414 1417 2454 ha-

94 2466 260 2507 buisset
293 2482 452 2509 uxores
483 2470 674 2523 steriles,
705 2471 878 2511 tertiam
910 2471 1055 2517 duxit,
1083 2469 1226 2524 priori
1255 2469 1415 2513 marito

93 2536 175 2576 per
192 2523 350 2565 dolum
377 2525 634 2581 abductam,
665 2540 779 2579 quae
801 2541 855 2568 ex
876 2526 1135 2571 foedissima
1156 2524 1269 2566 olim
1290 2526 1417 2580 puel·
