1752 3042
283 199 369 245 IN
405 193 841 245 HERODOTI
875 192 1026 240 LIB.
1062 194 1202 246 VII.
1303 192 1398 258 159

85 315 117 355 2.
146 325 193 364 14
218 327 308 367 seq.
338 316 485 358 γενέσθαι
507 312 674 357 Ἰήπυγας
699 305 956 359 Μεσσαπίους)
990 306 1062 346 Sic
1088 305 1236 348 Arch.
1260 307 1397 348 Pass-

83 370 343 412 Ashcbono
368 367 541 408 ordine.
556 387 607 397 -
637 365 709 405 Sic
727 377 834 404 vero
854 369 897 402 et
910 363 965 403 F.
980 364 1069 404 Pa.
1093 376 1205 413 quos
1224 370 1400 404 secutus

84 440 200 466 Sum.
228 426 365 469 Ἰνῖπυγ.
380 431 547 464 Meo-comt.
571 424 717 466 γενέσθαι
732 419 799 459 ed·
821 419 972 458 Wess.
993 432 1094 458 cum
1115 417 1228 458 aliis.
1285 420 1314 457 l.
1338 421 1398 458 15-

85 482 162 521 οἷντὶ
191 480 222 520 δὲ
246 479 356 533 εἶναι)
377 478 449 519 Sic
469 476 617 518 Arch.
641 474 775 514 Pass.
793 473 902 514 Ask.
927 471 1073 514 Vinci.
1105 470 1214 526 [F.]
1249 476 1398 528 Vulgo

85 539 171 587 τοῦ,
208 534 395 574 minime
424 533 554 579 utile,
581 529 895 582 interponitur.
923 551 974 560 —
1024 531 1145 568 Haec
1173 530 1322 569 Wess.
1349 530 1400 569 in

87 591 213 632 cuius
242 589 424 641 quidem
451 593 678 637 contextu,
708 585 821 625 sicut
844 584 892 623 in
913 583 1012 624 aliis
1033 586 1144 624 Edd.
1163 584 1398 638 omnibus,

88 648 162 687 οἷντὶ
183 645 213 685 δὲ
230 664 274 685 το
288 649 310 685 ὅ
332 645 412 685 εἶναι
432 643 618 698 legitur3
640 642 717 680 sed
737 643 799 681 τοῦ
825 640 1049 680 abiectum
1068 640 1278 680 maluisse
1297 640 1399 680 Edi-

86 709 228 742 torem
257 699 360 740 satis
387 700 582 751 adparet.
617 696 836 747 Equidem
864 696 1058 735 abiicere
1081 709 1174 735 non
1197 695 1401 737 dubitavi

84 756 346 805 articulum3
372 767 505 806 quem
519 784 531 805 ‚
554 752 667 792 sicut
686 752 734 791 in
754 751 899 791 Attico
918 751 1133 803 scriptore
1156 753 1402 792 tenendum

86 811 244 863 utique
268 809 542 850 iudicaturus
566 822 687 848 eram
713 821 814 847 cum
838 806 1086 865 Schaejfero
1118 809 1174 846 ad
1205 809 1401 865 Gregor-

86 867 275 908 Dialect.
292 880 336 919 p.
354 869 406 917 39
419 879 510 918 seq.
525 864 588 905 sic
602 863 855 903 Herodoto
874 864 929 902 ab
944 863 998 903 iis
1017 864 1249 903 obtrusum
1266 871 1400 917 puto,

87 922 167 975 qui
186 922 319 962 huius
339 920 531 961 auctoris
551 920 719 972 stylum
741 920 797 958 ad
815 918 948 958 Attici
962 918 1180 959 sermonis
1196 932 1401 959 normam

85 978 396 1032 refingendum
418 975 701 1016 censuissent.
724 973 851 1013 Conf.
875 975 910 1013 Ι.
935 987 1032 1026 210,
1061 977 1098 1014 8.
1120 982 1161 1014 et
1178 976 1255 1014 VI.
1274 979 1345 1026 32,
1363 976 1402 1015 5.

86 1035 119 1074 l.
139 1048 159 1072 v1
169 1036 206 1073 6.
226 1030 360 1086 Ὑρίης)
387 1031 531 1083 ’Υξῆὲίκς
545 1032 680 1072 Pass.
704 1029 828 1070 Med.
857 1031 1021 1080 Ὑριλλίκς
1032 1029 1144 1070 Asb.
1170 1054 1224 1061 —
1253 1032 1402 1081 Ὑρῆλίκς

86 1090 144 1130 F.
164 1087 250 1129 Pb.
273 1095 321 1128 ut
341 1089 477 1140 paulo
499 1095 613 1126 ante.
653 1116 678 1137 ‚,
693 1086 828 1124 Haud
846 1084 982 1124 dubie
1008 1083 1101 1137 (ait
1118 1086 1305 1138 GnoN.)
1330 1085 1402 1124 in-

86 1144 242 1184 nuitur
268 1142 548 1183 Herodotus
575 1140 798 1194 scripsisse
826 1141 951 1190 ’Υρκῗην
978 1148 1020 1179 et
1045 1141 1223 1191 ‘anz‘ngf‘
1280 1142 1309 1181 l.
1338 1155 1400 1190 17.

87 1201 151 1246 τοὶς
171 1197 238 1252 gri)
258 1198 300 1253 οἷς
320 1199 357 1242 Sn‘
378 1199 514 1239 PasS·
530 1198 637 1237 Ask.
652 1219 705 1228 —-
721 1197 832 1236 etF.
900 1196 929 1234 l.
961 1210 1022 1246 19.
1044 1196 1197 1248 αὐτέων)
1220 1197 1331 1237 mirem
1347 1197 1401 1236 F.

89 1261 131 1296 et
150 1254 287 1308 paulo
312 1260 426 1306 post.
491 1254 521 1292 l.
544 1266 608 1293 20.
630 1250 815 1303 Μικύθου)
847 1250 919 1291 Sic
938 1258 980 1290 et
1003 1266 1107 1291 mox
1128 1257 1275 1297 Μίκυθις
1296 1251 1402 1291 libri

88 1323 257 1351 omnes.
286 1310 420 1362 Apud
433 1309 644 1350 Pausan.
661 1320 767 1346 vero
789 1309 840 1347 V.
858 1309 923 1346 26.
941 1306 1021 1346 ubi
1038 1305 1283 1347 Herodoti
1297 1307 1403 1347 cita-

89 1373 162 1406 tur
192 1364 518 1416 testimonium,
542 1366 710 1408 Σμίκυθις
736 1369 811 1402 cst.
869 1363 898 1401 l.
920 1374 984 1401 21.
1009 1366 1074 1402 τῶν
1096 1363 1242 1413 οἱα-τῶν)
1281 1365 1403 1402 Haec

86 1422 224 1461 verba
242 1427 342 1473 post
361 1424 590 1471 Ταραντίνοισι
608 1417 692 1459 lin.
705 1433 794 1470 seq.
810 1417 1051 1457 reiicienda
1074 1417 1243 1457 censuit
1265 1420 1338 1459 W
1331 1433 1403 1459 er-

71 1474 183 1535 fer,
211 1479 306 1516 Act.
324 1476 487 1516 Philol.
512 1477 688 1514 Monac.
707 1488 749 1526 p.
773 1487 866 1523 241.
904 1475 960 1512 At
986 1473 1120 1514 miras
1142 1473 1405 1514 huiusmodi

88 1533 331 1580 verborum
350 1530 629 1571 traiectiones
646 1536 763 1569 amat
782 1529 982 1582 Scriptor
1001 1538 1152 1570 noster
1168 1545 1177 1569 :
1201 1533 1266 1569 τῶν
1289 1531 1404 1570 οἷο-τῶν

88 1587 245 1640 utique
261 1589 319 1627 ad
337 1591 514 1639 τρισχίλιοι
535 1585 692 1626 referri
717 1586 864 1625 debet.
917 1586 946 1624 l.
973 1598 1037 1625 22.
1061 1586 1147 1626 οὕτω
1172 1593 1323 1625 tenent
1348 1584 1405 1625 li-

87 1643 159 1683 bri
184 1656 361 1684 omnes:
391 1655 529 1694 quam
546 1655 702 1681 vocem
720 1655 773 1681 ex
796 1654 875 1681 ora
893 1641 1053 1682 veteris
1073 1641 1262 1681 alicuius
1281 1640 1406 1680 codi-

91 1699 152 1740 cis
168 1707 332 1739 temere
353 1698 401 1737 in
421 1704 677 1738 contextum
694 1696 875 1736 inlatam
898 1697 1034 1737 fuisse
1055 1697 1300 1750 suspicatus
1315 1704 1407 1736 erat

88 1752 243 1795 Reisk.
304 1755 333 1794 l.
353 1767 418 1804 24.
443 1753 722 1803 καταλέλειπτο)
745 1752 816 1793 Sic
835 1750 980 1793 Vind.
998 1751 1131 1807 [inde
1146 1749 1408 1808 ed.SCha(3'f:

91 1809 395 1850 consentiente
420 1822 500 1848 ms.
517 1809 573 1848 F.
608 1809 756 1862 Vulgo
779 1813 1018 1848 κατελέλειπτο
1037 1808 1157 1859 alii.]
1191 1811 1241 1848 ln
1257 1808 1405 1849 Archa

90 1874 191 1919 post
212 1867 299 1906 hoc
321 1865 510 1905 verbum
531 1863 911 1918 interstinguitur,
937 1872 978 1904 et
997 1860 1089 1910 οὗτός
1108 1865 1228 1915 ὥσπερ.
1244 1888 1297 1895 -
1319 1865 1408 1904 8ςὶ-

89 1921 195 1962 licet
217 1923 354 1976 vulgo
375 1921 436 1961 Sic
458 1920 708 1974 legebatur,
729 1923 967 1959 κατελέλειπτο
992 1916 1097 1965 οὗτος.
1119 1920 1218 1971 ἕσπερ
1243 1927 1324 1960 etc.
1354 1923 1406 1960 El

90 1977 153 2018 sic
169 1976 302 2018 etiam
318 1977 383 2016 ecl.
415 1978 564 2016 Wess.
595 1977 730 2015 Recte
747 1989 854 2014 vero
871 1982 970 2028 post
984 1980 1231 2016 κκταλέλειπτε
1251 1976 1407 2016 distin-

90 2033 153 2074 xit
167 2030 347 2087 Schacgfi
373 2034 427 2072 de
457 2043 547 2083 quo
574 2031 705 2071 etiam
733 2028 887 2071 Reisk.
915 2039 1164 2071 monuerat.
1221 2031 1248 2071 l.
1276 2035 1341 2072 25.
1372 2035 1406 2072 ἐκ

91 2086 254 2140 Ῥηγίου)
282 2087 400 2128 Defit
424 2091 459 2128 ἐκ
478 2086 627 2127 ΑΓΟΙΙ.
656 2086 734 2139 qui
757 2101 859 2126 mox
882 2088 940 2129 τήν
963 2087 1135 2137 Ἀρκάδος.

150 2143 297 2185 CAP.
313 2141 532 2185 CLXXI.
551 2141 660 2183 Lin.
678 2156 715 2183 2.
734 2146 761 2188 ἐς
781 2142 811 2182 δὲ
827 2142 915 2196 viv)
936 2145 963 2188 ἐς
980 2141 1010 2181 ΣΞ
1036 2139 1078 2182 <jv
1097 2144 1157 2186 τῆν
1174 2143 1244 2182 ed.
1258 2143 1406 2183 Bol‘lza

93 2213 146 2239 ex
169 2198 328 2239 Valck.
357 2198 544 2238 coniect.
565 2199 718 2238 invitis
736 2197 892 2237 msstis.
950 2199 979 2237 l.
999 2204 1032 2239 5.
1057 2199 1147 2242 μετ-κ’
1172 2202 1328 2239 Μίνωα
1358 2217 1408 2239 τε-

91 2252 333 2306 λευτήσαντα)
360 2258 505 2294 Μίνεω
526 2268 627 2294 cum
661 2255 807 2295 Gron.
838 2254 973 2293 edens
998 2254 1150 2294 Wssss.
1177 2256 1286 2293 haec
1312 2268 1407 2294 mo—

93 2309 214 2350 nuit:
234 2309 345 2363 „Sic
368 2309 492 2349 Med.
512 2312 589 2350 sed
609 2329 622 2348 ν
643 2323 775 2363 supra
797 2308 1000 2349 ultimam
1016 2310 1240 2361 syllabam
1269 2317 1409 2349 osten-

92 2374 210 2417 tans,
234 2364 529 2406 Pass.Arch.
545 2364 704 2405 Paris.
722 2368 773 2405 Β.
805 2373 845 2405 Μ
859 2371 957 2405 ι’νωικ
974 2364 1097 2406 olim.
1114 2364 1139 2386 ‘⁶
1152 2388 1206 2395 —-
1223 2366 1317 2404 Iam
1340 2370 1411 2406 Μί-

93 2440 146 2463 ι-εω
170 2427 288 2462 tenet
309 2420 490 2472 quidem
517 2421 571 2460 F.
593 2435 674 2460 nec
698 2421 821 2460 aliud
842 2435 895 2459 ex
917 2418 1078 2460 Paris.
1101 2419 1308 2460 adserunt
1327 2434 1410 2460 no·-

89 2485 178 2520 stra
191 2483 419 2530 excerpta:
440 2477 485 2516 id
502 2488 608 2517 vero
627 2490 763 2529 quum
778 2475 965 2516 minime
982 2477 1199 2529 placeret,
1225 2482 1344 2516 Μίιωκ
1356 2490 1408 2516 ex
