1752 3042
363 233 449 280 IN
487 226 908 279 HERoDoTI
943 205 1091 274 ΠΒ.
1134 208 1309 278 Vn(
1415 224 1513 291 77‘

167 353 367 399 tuentur,
384 346 612 399 adquievi.
667 346 786 386 Ead.
799 346 828 384 l.
844 345 935 395 δοκέῃ
952 342 1098 384 Arch.
1121 343 1172 383 V
1171 340 1266 382 ind.
1291 341 1351 395 [et
1362 343 1480 384 Par.

170 404 224 444 Et
246 403 309 443 sic
328 403 396 443 ed.
421 404 569 443 Wess.
596 408 637 441 et
659 400 808 452 seqq.]
837 400 920 450 δσκῇ
945 398 1075 439 Meas.
1086 399 1220 438 Pass.
1240 397 1350 438 Ask.
1379 397 1479 450 [R]

171 457 270 499 δοκέει
287 458 395 498 Ald.
454 458 483 497 l.
507 461 572 506 45.
596 458 637 497 ‘to'
657 454 754 507 γοὲρ)
773 460 819 506 τῇ
837 456 904 504 γάρ
921 455 1056 495 Pass-
1113 453 1143 492 l·
1164 455 1230 502 46.
1257 456 1483 495 ἐναντιωθῆναί

169 532 210 553 τι
233 513 380 554 Arch.
413 512 557 553 Vind.
591 511 749 555 Valla,
780 511 859 559 [F.
888 507 1082 558 Paris]
1111 516 1152 547 et
1172 507 1392 547 Eustath.
1423 508 1481 546 ad

170 567 301 608 Iliad.
325 582 367 620 p.
392 572 486 618 173,
513 570 577 609 35.
607 567 683 616 [p.
705 568 795 616 131,
819 569 883 616 39.
905 565 973 604 ed.
998 565 1113 611 Bas.]
1140 566 1279 602 Antea
1305 580 1353 601 roa
1375 569 1482 602 erat.

171 624 202 662 l.
217 635 284 675 47.
308 621 434 666 {eo-ov
451 622 517 662 ed.
539 622 686 668 Wes-s.
709 626 750 658 et
763 621 997 672 praecedd.
1026 620 1077 658 Et
1100 618 1161 657 sic
1180 619 1236 658 F.
1261 624 1301 655 et
1319 615 1481 658 Paris.

169 692 253 718 nec
280 693 332 718 ex
359 677 457 717 aliis
484 676 608 716 aliud
630 673 841 715 adfertur.
870 675 992 715 ἕσσον
1022 673 1089 713 ed.
1115 670 1294 728 Schaejf.
1325 686 1483 722 quem-

169 734 415 774 admodum
435 730 544 774 alibi
564 730 655 770 fere
671 738 920 770 constanter
941 731 1038 768 edd.
1063 742 1232 768 omnes.
1259 728 1330 768 Sic
1349 727 1484 768 etiam

171 802 278 828 mox
304 789 334 828 l.
354 801 422 839 49.
452 787 628 826 iterum.
665 786 751 825 Sed
784 785 831 824 in
860 785 1007 825 ἕσσωται
1035 785 1239 823 vocalem
1261 802 1272 823 ε
1303 791 1482 823 tuentur

171 843 277 884 libri
292 856 466 892 omnes3
486 840 563 881 uhi
582 839 763 891 quidem
783 841 938 880 ἔσσονται
958 838 1167 878 scribitur
1182 839 1229 878 in
1242 840 1297 879 F.
1318 839 1393 878 sed
1413 852 1483 878 su-

173 912 312 952 perne
333 898 510 937 ἕσπωνται.
566 897 595 935 l.
612 909 675 950 49.
702 897 733 935 εἴ
749 898 776 935 οἱ
800 898 820 939 n'
840 893 954 947 τύχη)
976 895 1107 934 Abest
1127 895 1147 937 ἦ
1167 893 1313 935 Arch.
1336 891 1482 934 Vind.

229 953 374 995 CAP.
392 953 451 993 Χ.
467 949 539 1004 (5)
566 949 674 992 Lin.
705 953 767 990 50.
791 952 870 1001 ἐρᾷς
889 951 936 988 τοὶ
958 948 1064 1001 etc.)
1087 949 1159 988 Sic
1171 950 1318 989 Arc-h.
1338 947 1484 989 Vind.

172 1008 284 1050 Ask.
306 1009 440 1049 Pass.
469 1007 549 1060 [F
576 1003 766 1054 Paris.]
794 1013 835 1044 et
852 1004 979 1045 Stob.
1002 1007 1139 1044 Serm.
1166 1005 1308 1044 XXII.
1326 1018 1371 1057 p.
1394 1018 1484 1055 ¹90·

173 1071 266 1103 tum
306 1076 410 1102 111οΧ
440 1064 481 1108 ὥς
506 1066 673 1112 κεραυνοῖ,
708 1062 955 1100 commode.
988 1059 1108 1099 Olim
1142 1061 1221 1109 ἐρᾷς
1249 1061 1297 1105 ὦς
1323 1061 1382 1099 τοὶ.
1429 1060 1485 1099 In

170 1118 298 1159 Stob.
323 1123 477 1168 κερκυνεῖ.
507 1141 560 1147 -
591 1117 712 1167 quod
734 1129 852 1155 nunc
879 1129 931 1155 ex
953 1114 1215 1154 melioribus
1239 1114 1366 1154 libris
1388 1127 1484 1154 cor-

171 1180 342 1213 rectum
373 1172 419 1211 in
450 1173 519 1212 ed.
546 1171 724 1212 Schow.
751 1185 794 1223 p.
815 1175 910 1220 416.
979 1169 1101 1210 Jhid.
1133 1170 1233 1220 ξῶα)
1272 1172 1350 1208 τῶν
1376 1170 1484 1217 ζώων

171 1229 262 1273 Pd.
307 1229 428 1279 quod
471 1227 611 1267 miror
652 1228 779 1266 nullo
818 1226 865 1264 in
906 1224 996 1265 alio
1038 1224 1191 1264 codiee
1244 1234 1485 1277 repertum.

173 1284 204 1324 l.
223 1290 286 1326 52.
307 1282 419 1323 οὐδέν
442 1281 528 1334 μιν)
551 1281 622 1322 Sic
643 1281 768 1322 Stob.
792 1289 831 1320 et
855 1281 1021 1325 Valla,
1041 1287 1171 1319 recte.
1193 1279 1293 1328 [Sic
1316 1293 1422 1318 vero
1443 1286 1487 1319 et

172 1340 366 1391 Rputo
395 1352 448 1377 ex
477 1335 636 1379 Paris.
668 1338 730 1376 Ex
757 1336 843 1377 Pb.
876 1344 991 1375 certe
1022 1335 1181 1375 diserte
1216 1336 1302 1373 hoc
1336 1334 1488 1374 citavit

172 1391 371 1445 Larclz.]
391 1393 462 1433 οὐδέ
475 1412 532 1439 μιν
550 1392 688 1445 prius.
745 1393 774 1430 l.
798 1394 861 1433 53.
884 1394 946 1430 αἰεὶ
966 1390 1078 1431 Ask.
1092 1389 1219 1430 Scob.
1236 1387 1336 1442 [R]
1359 1390 1487 1431 Prius

173 1451 248 1501 αἐὶ,
275 1456 449 1501 praeter
474 1461 658 1488 morem.
685 1468 741 1477 —
772 1448 903 1486 Abest
924 1459 973 1485 ea
993 1459 1078 1485 vox
1094 1445 1185 1486 Pd.
1240 1442 1362 1485 Ibid.
1385 1447 1489 1485 οἰστο-

173 1505 358 1547 σκῆπτει
390 1505 440 1543 τοὶ
471 1501 603 1556 βέλεα)
641 1502 712 1543 Sic
742 1502 866 1543 M'ed.
893 1500 1028 1543 PaSS·
1051 1500 1160 1541 ASb.
1194 1506 1236 1539 et
1255 1500 1383 1540 Stob.
1408 1502 1488 1541 sed

174 1559 256 1611 qui
278 1559 513 1599 articulum
542 1564 642 1598 ante
669 1561 771 1601 βέλεα
795 1555 984 1610 spernit,
1007 1564 1054 1596 ut
1075 1555 1206 1597 ceteri
1229 1569 1407 1607 omnes,
1437 1555 1488 1596 in

176 1614 340 1667 quibus
363 1615 581 1664 ἐπισκήπτει,
601 1620 649 1652 ut
663 1612 772 1653 Ald.
799 1636 851 1642 —-
882 1612 1061 1652 Diceres
1089 1612 1308 1652 adiectum
1332 1611 1490 1651 articu-

175 1671 271 1710 lum
291 1668 483 1709 voluisse
507 1670 658 1709 Wess.
691 1667 822 1719 eique
844 1681 933 1707 non
961 1667 1158 1720 paruisse
1183 1668 1487 1719 typothetam:

175 1726 253 1766 sed
290 1739 343 1765 ex
375 1723 658 1769 uberioribus
697 1723 893 1763 eiusdem
927 1722 1291 1763 adnotationibus
1315 1721 1491 1761 intelli-

174 1782 307 1835 gitur,
329 1793 421 1819 non
440 1780 649 1831 probasse
663 1793 771 1825 ¹eum
791 1781 911 1818 hunc
932 1779 1192 1828 articulum3
1212 1791 1344 1828 quem
1368 1777 1490 1829 equi-

177 1839 279 1876 dem
309 1835 474 1886 adieci‚
502 1842 743 1887 praeeunte
772 1849 871 1874 cum
897 1834 996 1874 aliis
1023 1841 1174 1874 nostro
1200 1833 1298 1871 cod.
1322 1833 1379 1873 F.
1411 1832 1490 1883 qui

179 1899 222 1931 et
245 1890 460 1932 α’ποσκῆπτει
482 1895 598 1929 recte
618 1897 788 1940 tuetur,
817 1892 938 1942 quod
966 1896 1115 1929 tenent
1143 1887 1276 1927 etiam
1303 1886 1380 1940 (ni
1407 1888 1491 1927 fal-

176 1946 276 1999 lor)
303 1944 475 1985 codices
498 1942 808 1986 Parisienses.
865 1946 894 1984 l.
921 1948 986 1988 55.
1007 1946 1075 1985 ύπδ
1102 1942 1249 1995 σ’λίγου)
1279 1945 1342 1982 ἄπ’
1373 1945 1490 1987 &Myon

178 2001 306 2043 Stob.
377 2001 405 2039 l.
431 2002 496 2042 56.
528 2002 624 2040 κατ-οὶ
648 1999 798 2053 τοιόνδε)
832 2000 926 2040 καῖ-οὶ
951 2001 991 2041 ro*
1018 1999 1138 2039 τοιόνδε
1159 1997 1306 2039 Arell-
1344 1995 1489 2037 Vind-

181 2081 236 2088 —
265 2056 392 2096 Conf.
415 2057 571 2106 lv.48‚
594 2070 632 2105 4.
653 2064 695 2094 et
718 2057 789 2107 50,
814 2070 853 2107 7.
925 2056 951 2094 l.
980 2058 1044 2105 57.
1071 2056 1108 2093 ω’
1138 2050 1185 2092 ὧν
1216 2052 1489 2106 ἐφθάρησαν)

180 2112 364 2162 ἐφθάρησαν
379 2110 504 2151 Stob.
529 2110 652 2151 Med.
670 2111 806 2151 Pass.
820 2110 931 2150 Ask.
951 2113 1012 2159 [et
1027 2110 1082 2149 17⁷.
1098 2107 1211 2160 Pb.]
1232 2109 1321 2147 Alii
1342 2109 1492 2154 ἐσφάλη-

181 2185 256 2207 σαν.
287 2189 340 2196 --—
374 2165 446 2205 Sic
466 2166 555 2206 Pa.
574 2168 658 2207 Pe.
679 2166 768 2205 Pd.
798 2181 897 2205 eum
923 2166 1033 2206 Ald.
1065 2173 1106 2204 et
1131 2164 1243 2203 aliis.
1274 2163 1418 2203 Porro
1447 2159 1491 2202 εἶν

178 2228 406 2275 perspecte
434 2220 573 2260 edidit
601 2222 742 2262 Wess.
771 2235 823 2261 ex
849 2218 1032 2261 Reiskii
1053 2219 1328 2271 coniectura,
1356 2232 1491 2270 quam

181 2277 328 2317 firmat
348 2283 496 2315 noster
523 2278 620 2316 cod.
644 2278 699 2318 F.
737 2290 786 2315 ac
812 2277 962 2316 forsan
991 2275 1123 2316 etiam
1149 2274 1240 2314 alii.
1278 2275 1364 2314 Sed
1385 2274 1424 2313 δι’
1448 2269 1491 2312 οἶν

180 2331 292 2372 olim
331 2332 431 2371 edd.
468 2333 590 2381 quod
627 2339 669 2371 et
700 2332 845 2372 Gron.
879 2337 1091 2371 tenuerat.
1165 2327 1287 2370 Ibid.
1318 2327 1486 2381 ἀναξίως)

182 2387 420 2434 α’ξίωςᾶἴοό.
477 2387 507 2425 l.
530 2389 596 2426 58.
617 2392 748 2437 Φρονέειν
771 2392 864 2432 μέγα
888 2389 907 2426 o‘
928 2389 1002 2432 3503
1022 2384 1157 2436 ἄλλον)
1181 2396 1238 2434 ὣς.
1258 2386 1275 2422 ὅ
1296 2385 1375 2428 θεὸς
1393 2387 1486 2427 ,υ-ἔγσι

182 2443 287 2483 ἄλλον
304 2441 432 2482 Stob.
449 2442 596 2482 Arch.
611 2442 746 2483 Pas-5.
772 2453 826 2492 φρ.
850 2442 954 2481 ἄλλον
976 2444 1068 2484 μέγα
1094 2443 1111 2480 0‘
1131 2442 1210 2483 θεός
1240 2439 1308 2477 ed.
1337 2440 1490 2480 Wess·

181 2511 283 2539 cum
302 2497 412 2540 aliis.
438 2517 494 2535 ·-.—
526 2496 746 2549 Equidem
767 2503 941 2538 secutus
966 2509 1067 2537 sum
1094 2496 1337 2536 verborum
1370 2493 1490 2533 ordi-
