1752 3042
310 220 399 268 IN
435 218 876 267 HERODOTI
911 219 1242 274 LIB.V11.
1335 239 1426 289 191

109 337 187 382 sed
204 337 424 376 nonnulla
440 335 685 390 negligens.
703 358 757 365 —-
780 337 834 375 Et
854 348 1013 387 parum
1035 339 1272 376 commode
1293 336 1430 378 inter-

109 399 310 447 pretatur
334 392 454 432 idem
486 390 829 431 Grammaticus.
874 389 1063 430 Gemina
1092 389 1266 432 Suidae
1298 395 1431 434 habet

109 449 338 489 Zonaras
357 446 405 485 in
425 446 572 486 Lexic.
593 462 638 500 p.
662 449 756 488 830.
813 447 841 486 l.
871 448 933 486 18.
959 447 1061 486 κεινόν
1079 460 1169 485 non
1197 449 1359 501 legitur
1380 449 1430 489 in

111 503 261 546 Arch.
280 510 323 542 et
354 500 502 543 Vinci.
558 504 588 542 l.
613 517 672 553 ¹9·
694 504 837 552 παρέχοι
860 500 927 554 οἱ)
953 501 1025 541 Sic
1048 501 1272 542 Abreseh.
1298 505 1431 544 Dilu-

113 559 200 599 cid.
224 557 481 611 Thucydid.
494 572 537 610 p.
554 570 647 607 247.
665 571 758 597 non
774 556 1076 597 incommode.
1092 558 1243 597 Wess.
1261 583 1316 589 —
1345 562 1431 599 Ad-

111 613 266 668 optavi
309 612 586 653 verissimam
632 613 1014 663 necessariamque
1055 615 1432 655 emendationem.

104 672 275 716 ‚Aberat
294 672 321 709 οἱ
337 669 404 709 ed.
429 671 577 709 Wess.
600 667 790 720 aliisque
813 669 911 709 edd.
937 676 978 707 et
998 668 1151 708 msstis.
1211 668 1333 710 [bid.
1355 670 1432 711 530-

111 722 298 778 φυλάκων)
313 727 454 764 Prave
478 723 708 768 ὄμοφυλοῖκων
724 726 780 764 Ε
836 724 954 765 Edd.
973 725 1001 763 l.
1025 728 1092 764 ἐπεὶ
1113 723 1143 764 δὲ
1160 730 1237 765 καὶ
1256 724 1431 766 RIedie.

108 782 250 824 Pass.
265 781 378 821 Ask.
398 780 549 822 Arch.
569 777 652 831 [F
669 778 856 829 Paris.]
879 783 938 818 καὶ
958 781 1121 819 aberat.
1144 803 1198 811 —
1232 783 1322 821 Nec
1343 781 1431 821 uti-

111 851 200 889 que
227 836 574 876 desiderabatur.
645 834 674 873 l.
700 840 765 876 23.
797 838 932 875 ὑπέθετο
961 833 1134 876 Medic.
1152 837 1287 876 Pass.
1317 837 1433 878 Ask.

110 892 260 936 Arch.
283 893 370 941 [F.
387 888 576 939 Paris]
599 903 700 929 cum
719 892 861 931 Aldo.
881 892 1003 930 Male
1023 891 1069 929 in
1092 892 1202 930 Edd.
1219 895 1359 932 ἐπέθετο.
1375 918 1431 926 -

39 980 42 982 v
108 948 182 990 Sic
211 954 378 988 temere
403 946 560 999 steph.
585 945 656 985 ecl.
681 960 768 986 sec.
804 946 1000 997 indeque
1041 946 1174 987 huius
1207 961 1431 999 sequaces.

110 1002 239 1045 Ibid.
258 1003 370 1054 κνᾷν)
395 1004 542 1041 Habet
566 1003 679 1041 haec
703 998 877 1042 Suidas
906 1001 953 1040 in
978 1005 1090 1052 Κνᾷν,
1118 1003 1197 1053 qui
1220 1003 1267 1042 in
1288 1005 1432 1045 Ἐπελέ-

109 1062 210 1107 ξαντο
244 1058 402 1097 itidem
437 1056 694 1109 exscripsit,
729 1071 820 1096 non
854 1058 950 1097 sine
984 1059 1174 1108 quadam
1209 1060 1429 1102 socordia.

109 1115 225 1156 Vide
252 1113 580 1154 Hemsterhus.
610 1114 666 1151 ad
688 1111 898 1152 Luc'z'ani
919 1112 1094 1167 Dialog.
1129 1114 1289 1153 Marin.
1317 1117 1370 1155 V.
1392 1129 1432 1159 2.

112 1171 144 1210 l.
162 1174 229 1211 25.
247 1170 383 1210 ἄλλοισι
402 1170 523 1208 abest
539 1167 686 1208 ΑΓΟῘΙ.
710 1176 752 1207 et
782 1169 908 1208 lsall.
967 1170 996 1208 l.
1016 1172 1082 1209 2⁴3.
1101 1169 1323 1221 ἐπέστειλαν)
1345 1172 1432 1211 α’πέ-

111 1239 245 1266 στειλαν
258 1224 349 1266 Pd.
388 1225 440 1262 In
454 1226 592 1264 Pass.
610 1231 652 1263 et
677 1225 802 1264 Mecl.
820 1225 892 1263 hic
913 1224 1029 1263 liber
1044 1225 1106 1263 sic
1124 1225 1432 1266 concluditur:

112 1283 321 1322 ἐπέστειλαν.
360 1283 490 1319 Ταῦτκ
509 1285 569 1324 μὲν
591 1279 628 1323 ’δῆ
653 1280 738 1319 οὕτω
768 1284 904 1324 λέγεται
932 1284 1093 1324 arafa-921.
1112 1281 1291 1331 ‘Hybla-J
1307 1282 1360 1322 Z'.
1378 1304 1432 1314 —-

111 1338 282 1376 Eodem
309 1336 446 1375 modo
475 1335 523 1374 in
544 1342 694 1375 nostro
712 1336 771 1375 F.
801 1342 842 1375 et
864 1336 912 1374 in
936 1335 1024 1376 Pb.
1050 1335 1164 1375 liber
1188 1336 1261 1376 hic
1287 1337 1433 1377 verbis

110 1391 202 1432 illis
236 1390 481 1441 clauditur,
508 1394 637 1431 Ταῦτα
664 1395 724 1435 μὲν
745 1415 768 1423 0
789 1416 809 1422 -
834 1417 854 1422 -
881 1394 1040 1436 γενέτθκι.
1086 1392 1171 1431 Sed
1193 1392 1239 1430 in
1263 1392 1432 1433 eisdem

109 1448 244 1487 codd.
261 1449 318 1487 F.
349 1453 392 1486 et
417 1446 542 1487 Med.
565 1444 707 1499 (puto
743 1446 873 1486 etiam
901 1446 947 1485 in
980 1446 1148 1499 Pass.)
1177 1449 1331 1487 eadem
1357 1463 1434 1489 sex

111 1504 252 1542 verba
272 1502 385 1542 intio
402 1501 509 1541 libr-i
526 1501 752 1554 sequentis
771 1509 1047 1555 repetuntur.
1073 1503 1212 1543 Nobis
1233 1517 1433 1543 commo-

111 1559 195 1599 dus
225 1557 299 1598 hic
327 1560 452 1598 locus
478 1571 569 1597 esse
603 1558 722 1598 visus
752 1567 838 1598 est:
869 1558 944 1597 tali
974 1566 1091 1598 certe
1125 1559 1318 1599 formula
1346 1560 1434 1600 fre-

110 1619 300 1667 quenter
324 1614 582 1654 Herodotus
600 1614 875 1654 narrationes
897 1628 996 1654 suas
1022 1616 1228 1654 claudere
1248 1629 1432 1655 consue-

109 1669 192 1710 vit.
231 1672 322 1710 Nec
350 1683 459 1710 vero
498 1683 674 1710 necesse
708 1678 819 1724 erat,
856 1671 1011 1710 eadem
1039 1672 1177 1711 verba
1202 1670 1332 1711 initio
1365 1685 1433 1712 se-

111 1725 288 1778 quentis
313 1725 421 1766 libri
450 1733 665 1779 repetere.

338 1932 494 1961 1³¹1le
529 1933 866 1961 VARIETATIS
912 1934 1216 1962 LECTIONIS

433 2010 494 2038 IN
535 2011 831 2039 HERODOTI
867 2013 970 2039 [ΣΒ.
1001 2013 1112 2040 vll.
