1752 3042
475 206 705 257 LIBRI
747 205 1441 269 SEPT1M1.401

128 318 314 363 Creticis
357 319 420 360 in
443 319 651 385 Iapygza
696 317 913 372 coloniis,
951 324 994 358 et
1026 304 1376 360 Tarentinorum
1405 329 1447 362 ct

126 377 443 440 Rheginorum
475 376 650 417 infelici
675 376 799 416 hello
828 377 931 415 adv.
955 388 1027 415 eas
1052 381 1273 427 suscepto.
1302 377 1320 426 ζ
1334 378 1448 429 170.)

127 433 295 476 Cretae
316 432 490 474 insulae
512 431 591 472 alii
614 430 714 472 aliis
737 429 1018 484 temporibus
1045 430 1235 471 incolae.
1265 418 1392 484 (i71.
1402 434 1421 482 )

191 501 402 545 Thessali
428 502 630 556 primum
662 501 843 543 Graecis
877 501 1099 555 faventes,
1139 501 1245 542 dein
1275 503 1332 542 ab
1359 502 1450 543 illis

128 560 343 613 destituti,
359 560 597 599 Medorum
613 564 760 611 partes
776 558 917 598 coacti
931 564 1195 610 sequuntur.
1207 558 1249 609 (1
1260 570 1350 606 72-¹
1363 559 1452 610 74.)

183 631 359 681 Delecti
395 628 552 671 Graeci
589 630 646 669 ad
681 629 996 670 sustinendum
1029 631 1204 671 hostem
1237 630 1452 683 praemit-

126 692 285 727 tuntur
333 686 672 749 Thermopylas
710 693 756 726 et
782 683 1133 728 Artemisium.-
1168 689 1311 736 (175-
1329 687 1452 738 177.)

127 755 325 796 quorum
348 743 553 782 locorum
577 740 686 781 situs
719 741 989 782 describitur
1017 756 1054 781 c.
1076 744 1167 794 176.
1207 742 1276 781 De
1309 743 1452 781 Ther-

126 797 330 852 mopylks
359 797 478 837 conf.
507 795 640 837 etiam
669 811 705 837 c
730 810 821 839 200.
856 799 1102 839 Oraculum
1129 803 1293 837 ventos
1315 797 1452 850 polli-

127 859 254 894 cetur
288 850 476 893 auxilio
515 852 691 893 futuros
726 852 936 894 Glaecis.
968 855 1097 905 (178.
1109 853 1129 904 )
1174 855 1281 893 Τιθ5
1315 866 1451 894 naves

127 910 404 950 Graecorum
443 907 680 961 capiuntur
712 922 737 948 a
766 908 1019 962 praemissis
1050 908 1220 960 Persis;
1258 909 1453 949 Graeco-

125 979 229 1007 rum
251 964 399 1005 classis
424 966 480 1005 ab
502 962 753 1005 Artemisio
775 965 1033 1006 Chalcidem
1056 979 1102 1005 se
1127 963 1308 1027 recepit.
1330 967 1454 1016 (179-

130 1019 253 1074 182.)
302 1022 415 1061 Tota
454 1022 690 1061 Persarum
738 1021 914 1074 classis,
950 1027 1195 1083 postquam
1229 1019 1278 1059 in
1315 1021 1454 1077 Myr-

126 1089 250 1117 mece
278 1077 467 1129 scopulo
491 1077 702 1116 columna
729 1085 872 1117 erecta
895 1084 984 1131 est,
1013 1078 1070 1117 ad
1093 1075 1331 1128 Sepiadem
1357 1078 1455 1116 Ma-

126 1131 307 1188 gnesiae
334 1130 535 1185 adpellit.
564 1131 688 1183 (183.
699 1132 718 1184 )
763 1133 1028 1174 Numerum
1052 1138 1282 1184 computat
1308 1133 1454 1172 Hero—

128 1189 262 1234 dotus
295 1186 566 1235 hominum,
608 1202 724 1240 quos
755 1187 1007 1229 incolumes
1040 1194 1083 1228 et
1114 1194 1228 1227 terra
1267 1193 1309 1227 et
1340 1187 1455 1227 mari

126 1245 187 1284 ad
221 1244 556 1297 Thermopylas
598 1250 639 1283 et
674 1244 730 1283 ad
778 1244 1015 1297 Sepiadem
1059 1240 1202 1284 duxit
1251 1242 1455 1290 Xerxes,

128 1298 226 1353 ipse
251 1298 602 1340 formosissimus
634 1305 677 1339 et
710 1298 1048 1352 procerissimus
1075 1298 1295 1339 omnium.
1323 1296 1455 1353 (184-

130 1357 225 1402 187.
232 1355 254 1406 )
293 1356 362 1395 Ad
382 1354 645 1408 Sepiadem,
672 1354 763 1394 acri
790 1363 960 1396 coorta
988 1360 1282 1408 tempestate,
1312 1369 1455 1406 quum

127 1409 422 1452 Athenienses
445 1424 670 1467 generum
692 1411 899 1452 Boream
928 1411 1234 1463 invocassent,
1247 1416 1456 1463 pereunt

127 1463 503 1530 quadringentae
528 1479 662 1507 naves
688 1480 790 1506 cum
813 1467 1104 1518 hominibus;
1145 1479 1236 1518 quo
1267 1480 1321 1506 ex
1344 1480 1456 1506 nau-

128 1520 275 1576 fragio
301 1521 505 1578 ingentes
535 1521 699 1563 deinde
720 1522 937 1564 divitiae
925 1537 974 1563 m
1000 1523 1124 1564 littus
1146 1521 1311 1562 eiectae
1339 1528 1455 1562 sunt.

128 1577 272 1626 (188-
292 1580 412 1630 190.)
445 1580 615 1643 Quarto
642 1578 715 1618 die
750 1579 894 1620 rabies
929 1579 1054 1619 venti
1086 1592 1111 1618 a
1140 1577 1284 1633 Magis
1308 1578 1457 1630 placa-

127 1637 218 1673 tur.
247 1633 403 1686 Sepias
428 1633 613 1674 Thetidi
634 1647 770 1674 sacra.
798 1636 949 1688 (191.)
1016 1682 1018 1684 Ι

184 1699 354 1740 Audita
385 1700 584 1740 hostium
623 1706 790 1756 strage,
826 1700 974 1741 classis
1007 1702 1285 1742 Graecolum
1313 1701 1457 1742 Arte-

131 1752 327 1796 misiam
349 1756 533 1809 repetit,
561 1757 745 1797 adorato
769 1758 997 1810 Neptuno
1022 1757 1283 1798 servatore.
1299 1755 1456 1808 (192.)

130 1812 368 1855 Persarum
410 1811 557 1853 classis
596 1812 812 1866 Aphetas
843 1812 955 1865 petit
999 1812 1048 1853 in
1084 1812 1183 1853 sinu
1219 1815 1456 1867 Pagasaeo.

129 1865 259 1919 (193
267 1868 289 1921 )
335 1870 503 1909 Eorum
530 1881 664 1908 naves
689 1883 763 1908 xv.
792 1870 905 1908 duce
931 1870 1133 1909 Sandoce
1171 1844 1336 1922 (quem
1365 1870 1455 1908 Da-

89 1947 94 1952 ·
130 1921 225 1965 rius
249 1923 363 1964 olim
388 1925 448 1964 ob
473 1938 668 1964 caussam
691 1925 857 1966 iniuste
880 1923 1127 1965 iudicatam
1149 1924 1309 1978 capitis
1330 1925 1455 1964 dam-

131 1978 349 2042 naverat)
380 1979 430 2021 in
461 1981 738 2021 Graecorum
769 1994 932 2021 manus
962 1979 1192 2021 incidunt:
1222 1981 1375 2032 (194.)
1406 1979 1454 2019 in

131 2033 205 2076 his
245 2042 398 2090 captus
431 2037 770 2077 Alabandorum
805 2035 962 2077 Cariae
1001 2043 1243 2091 tyrannus,
1288 2043 1330 2076 et
1364 2037 1454 2076 dux

133 2091 426 2144 Paphiorum.
449 2092 573 2145 (195.
584 2090 604 2146 )

190 2157 357 2210 Copiae
373 2160 599 2212 pedestres
614 2156 792 2200 Xerxis
818 2172 899 2211 per
918 2157 1192 2200 Thessaliam
1215 2158 1282 2198 ad
1293 2155 1454 2198 sinum

133 2209 402 2254 Maliacum
430 2214 515 2255 ite1
546 2215 728 2255 faciunt.
757 2215 955 2256 Thessali
983 2214 1091 2267 equi
1124 2216 1287 2255 cedunt
1308 2214 1455 2254 Medi-

134 2267 211 2310 cis.
235 2269 383 2310 Fluvii
401 2270 536 2323 epoti.
551 2271 691 2323 (196.)
718 2271 890 2324 Iupite1
910 2270 1196 2325 Laphystius.
1219 2272 1453 2310 Athamas:

135 2323 350 2366 Phrixus:
386 2326 661 2379 Cytissorus3
692 2327 819 2368 cuius
852 2327 1020 2380 posteri
1047 2335 1272 2380 prytaneo
1304 2327 1454 2366 exclu-

135 2378 362 2434 si.(197.)
402 2381 520 2424 Situs
549 2382 772 2437 regionis.
811 2385 965 2423 Petrae
999 2383 1291 2424 Trachiniae:
1326 2381 1454 2422 Anti-

138 2449 268 2490 cyra:
298 2437 427 2477 fluvii
437 2440 739 2495 MSpercheus
761 2442 931 2493 Dyras,
957 2440 1120 2480 Melas·
1150 2440 1305 2495 (198.)
1346 2440 1454 2478 Tra-

193 2491 376 2535 Herod.
398 2494 559 2536 Τ.ΙΠ.
582 2496 639 2537 Ρ.
652 2496 692 2540 I.
1014 2497 1048 2534 C
1079 2509 1102 2535 c
