1752 3042
289 234 390 300 394
644 234 1251 288 ARGUMENTUM

287 347 384 387 lula
408 345 728 388 formosissima
752 355 963 389 evaserat.
983 346 1082 402 (61.
1101 348 1200 403 62.)
1240 350 1363 390 Haec
1377 349 1607 393 Demara-

288 409 390 443 tum
411 403 605 456 peperit,
626 418 760 456 quem
779 412 921 457 pater,
944 405 1144 457 spurium
1170 404 1318 458 primo
1339 405 1606 459 iudicatum,

287 471 393 497 mox
422 459 526 498 dein
557 473 641 512 pro
673 460 873 515 genuino
901 460 1071 502 habuit.
1097 459 1232 513 (63.)
1281 463 1345 501 Eo
1377 469 1609 515 praetextu

285 527 392 554 usus
421 514 682 556 Cleomenes
707 517 971 556 subornavit
992 514 1352 574 Leotychidem,
1389 517 1468 569 qui
1501 531 1609 558 con-

285 571 509 622 tenderet,
543 571 856 611 Demaratum
881 578 931 612 ut
956 573 1163 624 spurium
1190 585 1283 612 non
1307 572 1508 626 legitime
1540 586 1609 614 re-

286 638 423 679 gnare
455 638 585 678 posse
611 627 810 678 Spartae.
839 626 1052 682 (6465.)
1108 629 1322 668 Eamdem
1351 628 1400 667 in
1432 634 1611 669 senten-

285 679 414 732 tiam,
440 695 522 733 per
541 681 794 722 Cleomenis
814 682 1024 736 artificia,
1051 683 1379 736 pronunciante
1401 685 1607 738 oraculo,

285 735 409 790 regia
435 735 651 790 dignitate
680 743 837 777 exutus
864 744 927 778 est
953 740 1256 780 Demaratus.
1283 736 1416 791 (66.)
1460 741 1503 779 Is
1531 752 1611 792 po-

285 797 377 831 stea
406 804 432 830 a
464 790 769 844 Leotychide,
803 792 882 844 qui
908 792 956 832 in
983 795 1078 835 eius
1107 796 1259 834 locum
1290 790 1499 834 suffectus
1525 800 1609 847 est,

244 881 247 886 ,
286 847 456 899 probro
477 846 696 897 adfectus,
715 855 906 888 matrem
923 850 1185 902 obtestatur,
1205 855 1254 890 ut
1269 848 1357 890 sibi
1378 863 1468 900 quo
1485 855 1610 902 patre

286 909 415 941 natus
438 900 494 941 sit
521 915 626 942 vere
647 902 787 942 dicat:
817 917 931 955 quae
959 912 1035 945 aut
1064 905 1213 958 ipsum
1240 904 1505 945 Aristonem
1534 910 1612 945 aut

286 955 610 998 Aser-abacum
643 960 829 999 hero'e'm
870 959 993 1001 illius
1027 967 1204 1014 patrem
1240 974 1333 1001 esse
1364 961 1612 1001 adseverat.

287 1011 513 1066 (67-69.)
565 1015 681 1054 Tum
713 1014 750 1055 is
778 1014 978 1067 primum
1013 1016 1141 1069 Elin,
1175 1022 1270 1056 tum
1303 1017 1609 1069 Zacynthum,

286 1073 516 1120 postremo
535 1071 592 1108 ad
611 1069 802 1110 Darium
825 1071 1049 1126 profugit,
1082 1086 1108 1111 a
1135 1084 1226 1123 quo
1251 1070 1611 1112 honorificentis-

286 1123 400 1163 sime
432 1131 643 1177 exceptus
673 1131 751 1166 est.
781 1124 910 1179 (70.)
964 1125 1301 1184 Leotychides,
1334 1126 1461 1167 cuius
1492 1126 1609 1178 filia,

286 1179 496 1232 Lampito
512 1211 523 1232 ,
546 1180 817 1221 Archidamo
842 1182 1013 1235 nupsit,
1035 1181 1149 1236 (71.)
1185 1183 1482 1234 subsequente
1504 1189 1612 1222 tem·

286 1248 424 1287 pore,
447 1235 495 1274 in
516 1237 639 1276 bello
665 1237 922 1278 Thessalico
954 1238 1191 1292 largitione
1218 1244 1477 1291 corruptus,
1509 1237 1612 1278 vin-

289 1289 454 1330 dictam
476 1305 661 1332 suorum
684 1300 908 1345 metuens,
933 1296 1131 1348 Tegeam
1149 1308 1195 1334 se
1211 1292 1427 1345 contulit,
1454 1292 1611 1346 ibique

288 1347 413 1386 exsul
437 1353 640 1388 mortuus
668 1355 743 1388 est.
768 1347 901 1402 (72.)

343 1402 531 1442 Interim
563 1404 848 1450 Cleomenes,
879 1419 979 1444 cum
1001 1406 1159 1444 eodem
1180 1403 1459 1457 Leotychide
1476 1404 1614 1444 colle-

286 1470 343 1511 ga
364 1455 599 1514 Aeginam
624 1473 825 1500 reversus
840 1490 852 1512 ,
883 1459 1164 1500 Medicarum
1181 1459 1376 1513 partium
1398 1465 1614 1512 patronos

289 1514 636 1565 comprehensos
649 1514 995 1556 Atheniensibus
1011 1515 1058 1554 in
1077 1515 1324 1555 custodiam
1342 1514 1486 1554 tradit.
1499 1513 1616 1568 (73.)

288 1569 406 1607 Dein
420 1600 431 1620 ,
455 1571 626 1609 detecto
647 1572 754 1611 dolo
774 1584 863 1623 quo
884 1573 1174 1611 Demaratum
1197 1571 1440 1623 deiecerat,
1467 1569 1517 1609 in
1536 1571 1615 1610 Ar-

289 1623 415 1663 cadia
438 1626 641 1666 exsulans
655 1657 666 1679 ,
690 1628 880 1666 Arcades
899 1628 1000 1665 adv.
1021 1629 1227 1680 Spartam
1250 1624 1510 1677 concitavit,
1543 1624 1615 1666 iu-

287 1679 531 1720 reiurando
555 1695 636 1733 per
665 1680 881 1739 Stygiam
902 1696 1071 1735 aquam
1096 1683 1288 1723 adactos.
1307 1679 1434 1736 (74.)
1481 1682 1615 1734 Spar-

288 1742 378 1774 tam
406 1742 661 1790 revocatus,
698 1737 745 1776 in
772 1737 992 1777 insaniam
1018 1737 1200 1782 incidit,
1231 1750 1369 1789 seque
1399 1737 1496 1790 ipse
1527 1736 1614 1777 mi-

289 1805 388 1831 sero
411 1793 548 1832 modo
571 1792 835 1833 dilaniatum
863 1792 1067 1833 trucidat.
1087 1792 1225 1846 (75.)
1270 1794 1395 1833 Idem
1418 1792 1617 1833 Cleome-

290 1860 369 1886 nes
403 1854 533 1887 antea
562 1846 767 1904 Argivos
797 1848 998 1888 maxima
1026 1850 1151 1889 clade
1174 1848 1415 1900 adfecerat,
1453 1853 1497 1887 et
1523 1848 1616 1887 ela-

289 1916 417 1954 pso5,
454 1903 532 1954 qui
555 1903 602 1942 in
623 1902 749 1960 Argi
770 1902 928 1944 herois
956 1906 1117 1944 lucum
1143 1917 1190 1944 se
1215 1909 1498 1956 receperant,
1532 1916 1616 1956 per

289 1972 514 1999 summam
542 1959 776 2012 perfidiam
805 1961 1169 2011 obtruncaverat3
1196 1966 1261 2011 et,
1293 1973 1432 2011 quum
1453 1958 1616 2015 Argos

292 2027 449 2066 capere
472 2022 714 2068 sperasset,
740 2023 887 2055 tamen
904 2030 951 2055 re
973 2015 1138 2055 infecta
1162 2015 1366 2055 redierat.
1385 2013 1405 2067 (
1421 2012 1615 2066 76-82.)

290 2069 446 2123 Argivi
466 2076 565 2123 post
583 2071 709 2110 illam
740 2072 912 2111 cladem
936 2084 1170 2111 servorum
1200 2075 1446 2123 paruerunt
1473 2069 1615 2122 impe-

290 2124 374 2164 rio.
400 2127 528 2178 (83.)
574 2128 837 2167 Cleomenes
858 2124 1083 2184 Scythico
1107 2140 1237 2167 more
1259 2140 1440 2166 merum
1462 2122 1615 2167 bibere

291 2182 566 2221 adsueverat.
588 2181 719 2234 (84.)

347 2235 660 2294 Leotychides
681 2252 705 2277 a
727 2238 955 2290 Spartanis
982 2237 1190 2277 Athenas
1213 2236 1404 2277 mittitur
1452 2241 1503 2276 ut
1524 2234 1615 2277 Ae-

287 2289 476 2350 ginetas
499 2292 853 2333 Atheniensibus
878 2293 925 2332 in
951 2293 1205 2345 depositum
1228 2291 1414 2334 traditos
1439 2297 1615 2345 repete-

292 2355 383 2398 ret3
417 2348 580 2400 quibus
601 2348 678 2388 ille
705 2346 879 2389 Glauci
905 2348 1109 2402 Spartani
1131 2350 1411 2401 exemplum,
1440 2347 1615 2401 deposi-

294 2404 390 2444 tum
418 2418 578 2458 negare
598 2404 820 2457 conantis,
854 2404 1094 2457 proponit:
1127 2418 1210 2444 nec
1233 2417 1341 2444 vero
1367 2403 1614 2459 Aeginetas

295 2462 487 2500 reddunt
508 2459 832 2510 Athenienses3
850 2460 947 2514 (85.
969 2459 1068 2514 86.)
1097 2474 1260 2513 nempe
1280 2462 1400 2499 hanc
1418 2471 1613 2512 poenam

294 2517 351 2556 ab
374 2516 465 2557 illis
488 2524 711 2558 sumentes
737 2518 796 2557 ob
821 2515 1125 2558 incursionem
1145 2516 1193 2556 in
1216 2515 1425 2557 Atticum
1452 2527 1613 2570 agrum
