1752 3042
133 287 286 376 ⁴ssg⁰77
598 282 642 329 E
675 281 719 330 R
753 277 796 325 A
829 277 877 325 T
912 278 977 325 O.
1382 293 1446 342 97

133 415 203 445 του
220 414 298 443 mc
321 414 394 452 της
414 384 616 458 Θρηικης·
651 390 762 438 ἀλλ’
790 388 841 438 ἐκ
864 379 1032 452 Σοέμου
1063 405 1332 452 ορμεωμενοι,
1356 407 1448 434 ποι·

135 465 192 538 goes
211 492 256 522 τε
288 465 462 536 Ἰκοέριον
493 472 570 520 καὶ
601 462 674 517 ὃιοὲ
700 487 824 524 vno-mv
855 487 922 515 τον
959 457 1094 514 πλέον
1124 466 1345 514 ἐποιεῦντο
1392 485 1449 518 ως

130 544 215 642 ’μὲν
241 551 333 615 ἐμοὶ
361 541 533 599 δοκέειν,
564 543 772 599 δείσαντες
800 538 1014 609 μοίλιο-τοι
1037 562 1104 590 τον
1126 544 1350 606 περίπλοον
1377 561 1448 589 του

65 639 116 680 ³5
130 617 324 680 ΗΑθω,
300 647 361 675 οτι
389 627 452 693 τῷ
478 619 659 689 προτέρῳ
685 611 777 671 ἑτεὶ
805 639 1036 686 ποιευμενοι
1063 638 1196 681 τοιυτνι
1229 639 1296 675 την
1327 637 1451 682 κομι-

139 698 233 763 δην,
263 695 478 768 μεγοολως
507 691 850 765 προσεπτοιισοιν·
899 691 1003 762 πρδς
1036 712 1102 749 οε,
1138 715 1217 744 κοιι
1240 695 1264 753 ἦ
1296 689 1448 754 Νάξος

140 774 290 839 σφέας
308 772 545 840 ἠνάγκαζε,
575 770 762 842 πρότερον
786 776 863 825 οὐκ
887 776 1086 824 οεῖλοῢσοι.
1157 772 1285 823 Ἐπεὶ
1300 767 1371 826 δε,
1395 775 1450 822 ἐκ
1468 777 1532 844 96

139 880 209 907 του
243 856 422 919 Ικοιρίου
456 847 676 916 πελάγεος
712 846 1038 918 προσ-φερομενοι
1054 887 1066 906 ,
1099 845 1364 917 προσ-ἔμιξαν
1397 853 1452 914 τῇ

141 927 307 1001 Ναξῳ,
341 934 435 992 (ε’πι
458 925 612 989 ταύτην
643 950 733 995 γοιρ
757 924 804 989 δη
834 950 996 992 πρωτην
1025 930 1195 991 ἐπειχον
1226 947 1453 993 στράτευε-

140 1012 241 1059 σθαι
266 1013 300 1058 οἷ
325 1002 527 1074 Πέρσαι,
559 1001 811 1075 μεμνημένοι
843 1009 924 1057 τῶν
960 1001 1190 1070 :reb-regom)
1225 1009 1258 1055 οἱ
1294 998 1454 1065 Ναξιοι

103 1097 124 1135 5
140 1109 241 1152 προς
262 1107 317 1135 τοι
339 1083 460 1151 οὔρεσι
480 1107 632 1146 οιχοντο
662 1078 891 1146 Φευγοντες
908 1119 919 1137 ,
957 1078 1050 1134 ου’δε
1071 1102 1312 1150 υπεμεινοιν.
1350 1087 1386 1132 οἱ
1408 1076 1456 1132 δε

140 1159 341 1229 Περσοω,
383 1156 787 1257 οἰνὸροιποδιπίμενοι
827 1183 922 1217 τους
962 1153 1221 1219 κατελωβον
1263 1154 1453 1213 οιιῖτεων,

140 1235 367 1306 ἐνεπρησοιν
396 1260 473 1288 κοιι
504 1261 565 1288 τοι
590 1233 661 1304 ἱρα)
691 1241 769 1288 καὶ
799 1261 867 1298 την
897 1231 1040 1288 πόλιν·
1088 1240 1238 1287 ταῦτα.
1272 1233 1317 1287 δε
1338 1227 1456 1295 ποιῆ-
1516 1262 1519 1265 -

141 1337 313 1373 σαντες,
342 1318 413 1367 ἐπὶ
440 1337 519 1371 τοις
542 1306 699 1371 ἄλλοις
722 1337 861 1374 νησους
881 1308 1101 1377 οἰναγοντο.

155 1440 161 1444 .
208 1391 274 1444 Ἐν
300 1388 334 1462 ᾧ
360 1387 404 1443 δέ
433 1388 539 1442 οὗτοι
562 1394 711 1441 ταῦτα
737 1393 918 1446 ἐποίευν,
948 1395 982 1440 οἱ
1004 1383 1181 1449 Δήλιοι,
1209 1382 1457 1446 ἐκλιπὸντες
1475 1403 1538 1454 97

143 1564 216 1592 sus
245 1551 588 1604 Hellespontum
617 1557 659 1590 et
688 1550 932 1591 Thraciam
965 1549 1223 1591 direxerunt
1250 1550 1460 1599 classem3

144 1619 222 1659 sed
242 1620 372 1658 Samo
403 1617 618 1672 profecti,
650 1632 731 1670 per
759 1617 954 1657 Icarium
987 1632 1113 1658 mare
1143 1626 1186 1657 et
1211 1618 1463 1658 secundum

145 1683 311 1725 insulas
333 1698 510 1725 cursum
531 1691 736 1734 tenuere3
763 1691 1010 1724 metuentes
1032 1683 1249 1735 maxime,
1277 1690 1325 1723 ut
1347 1681 1464 1723 mihi

145 1750 350 1803 videtur,
379 1751 542 1791 montis
571 1753 687 1791 Atho
719 1750 978 1804 circuitum,
1009 1751 1057 1790 in
1090 1764 1180 1802 quo
1210 1751 1465 1792 circumna-

145 1817 342 1872 vigando
362 1817 583 1870 superiori
601 1830 720 1857 anno
741 1816 972 1871 ingentem
995 1817 1113 1871 passi
1133 1825 1257 1858 erant
1284 1817 1466 1858 calami-

145 1887 301 1934 tatem3
330 1882 514 1936 insuper
539 1896 648 1922 vero
678 1882 833 1931 etiam,
862 1890 911 1923 ut
939 1885 1025 1923 hac
1048 1884 1191 1936 irent,
1224 1886 1371 1925 Naxus
1394 1883 1466 1923 in-

145 1951 243 1992 sula
271 1963 346 1992 eos
376 1953 583 2005 cogebat,
613 1964 730 2002 quae
759 1950 983 2004 superiori
1013 1959 1215 2004 tempore
1246 1964 1340 1991 non
1372 1955 1467 1991 erat

146 2018 339 2059 subacta.
414 2015 546 2072 (96.)
589 2016 680 2056 Ubi
715 2031 794 2070 per
833 2031 955 2058 mare
991 2017 1188 2058 Icarium
1226 2017 1466 2058 transvecti

149 2089 302 2124 contra
318 2084 513 2126 Naxum
536 2097 699 2123 venere
712 2114 723 2136 ,
742 2082 886 2137 (hane
900 2083 1022 2124 enim
1042 2084 1241 2137 primam
1257 2084 1466 2124 omnium

150 2149 322 2191 adoriri
345 2149 393 2190 in
417 2149 569 2190 animo
598 2151 823 2191 habebant
843 2152 1026 2197 Persae,
1059 2164 1280 2192 memores
1306 2165 1467 2191 eorum

151 2230 265 2269 quae
279 2216 402 2270 prius
417 2216 690 2272 acciderant)
711 2231 802 2258 non
819 2218 1084 2260 sustinentes
1100 2220 1276 2259 hostem
1293 2219 1346 2260 Ν
1344 2215 1464 2271 axii,

151 2284 308 2336 procul
323 2284 533 2325 abeuntes
553 2284 602 2324 in
620 2293 791 2326 montes
808 2286 1119 2341 confugerunt.
1149 2286 1327 2327 Persae
1340 2298 1465 2337 vero,

152 2349 202 2390 in
222 2348 477 2390 servitutem
497 2351 682 2393 redactis
703 2360 926 2405 quotquot
954 2353 1140 2394 illorum
1169 2354 1465 2405 comprehen-

155 2416 345 2468 dissent,
372 2423 415 2456 et
443 2420 607 2471 templa
629 2427 671 2459 et
690 2421 849 2460 urbem
873 2420 1182 2461 incenderunt.
1212 2420 1313 2474 Quo
1334 2419 1466 2473 facto,

152 2485 364 2524 adversus
385 2483 576 2535 reliquas
601 2484 767 2527 insulas
786 2491 996 2542 navigare
1021 2487 1287 2541 pergebant.

209 2548 337 2603 (97.)
368 2549 458 2604 Qui
482 2551 588 2590 dum
609 2551 656 2590 id
679 2552 870 2607 faciunt,
894 2552 1025 2595 Delii
1045 2553 1201 2605 etiam,
1225 2552 1378 2593 relicta
1398 2551 1467 2591 in-

209 2615 394 2660 Herod.
409 2616 462 2658 T.
472 2616 569 2660 III.
583 2617 640 2658 P.
653 2616 695 2657 I.
1157 2619 1196 2660 G
