1752 3042
234 190 237 192 ’
291 201 392 267 396
642 201 1260 254 ARGUMENTUM

291 314 560 354 documenta
587 314 838 355 ediderunt.
858 317 977 366 (123.
1002 325 1090 364 124
1113 316 1214 356 coll.
1232 316 1284 356 V.
1302 316 1369 355 62.
1387 315 1484 364 63.)
1525 317 1606 356 Fa-

292 369 445 409 milia
434 385 522 410 lam
543 370 652 411 olim
672 373 810 424 clara,
831 379 958 410 aucta
979 370 1147 410 divitiis
1164 377 1257 410 erat
1273 383 1353 422 per
1366 369 1608 412 Alcmaeo-'-

291 438 420 470 nem,
448 426 662 480 Megaclis
691 426 861 479 filium,
893 440 916 465 a
947 426 1124 468 Croeso
1153 424 1327 480 ingenti
1354 424 1451 466 auri
1477 425 1609 478 copia

292 482 530 521 donatum:
548 480 706 534 (125.)
736 482 841 521 dein
861 488 1016 522 auctus
1036 481 1129 521 eius
1149 481 1363 533 splendor
1388 494 1468 533 per
1493 479 1609 523 Cli-

291 535 517 576 sthenis
547 536 847 588 adfinitatem,
892 536 1217 589 Sicyoniorum
1246 536 1454 590 tyranni3
1503 535 1610 589 qui,

293 590 491 632 invitatis
525 593 581 630 ad
613 604 658 630 se
689 598 732 630 et
766 567 1127 644 splendidissime
1159 591 1350 643 acceptis
1384 590 1611 644 primariis

294 660 349 687 ex
382 647 508 687 omni
543 646 728 686 Graecia
759 647 1023 698 iuvenibus,
1057 647 1219 698 quibus
1246 647 1387 687 filiam
1415 648 1610 687 elocaret

293 700 590 756 Agaristen,
634 716 687 741 ex
741 701 952 742 omnibus
990 702 1278 759 Megaekm,
1327 702 1611 742 Alcmaeonis

295 757 465 820 filium,
496 771 711 819 generum
742 756 889 811 elegit.
921 758 1064 806 (126-
1081 761 1168 800 130.
1183 760 1200 806 )
1244 759 1345 811 Quo
1377 771 1430 797 ex
1457 756 1612 797 matri-

296 813 453 853 monio
486 819 614 851 natus
652 811 946 865 Hippocrates
979 810 1118 852 filiam
1150 812 1307 852 habuit
1339 811 1612 866 Agaristam‚

298 882 412 920 quae
440 866 699 920 Xanthippo
731 874 874 921 nupta
899 865 1133 908 Periclem
1155 868 1343 921 peperit.
1373 869 1498 919 (131.
1508 866 1530 921 )

355 931 627 980 Miltiades,
670 933 918 974 ditaturum
958 947 1004 973 se
1038 932 1329 975 Athenienses
1360 933 1612 987 pollicitus,

298 990 514 1031 Parum
537 989 761 1029 insulam
748 1004 826 1029 1nv
831 988 947 1029 adit:
974 989 1052 1028 sed
1072 1002 1096 1028 a
1120 988 1277 1041 templi
1298 988 1500 1030 ministra
1520 989 1614 1029 fru-

298 1052 385 1084 sna
413 1044 616 1097 adiutus,
641 1044 834 1099 graviter
852 1046 971 1084 laeso
995 1043 1189 1096 femore,
1216 1043 1380 1085 infec1a
1396 1059 1444 1085 re
1466 1059 1614 1085 rever·

298 1114 392 1148 sus
420 1107 650 1140 accusatur
668 1100 818 1153 domi,
842 1108 883 1140 et
901 1098 1095 1153 pecunia
1120 1100 1350 1140 multatur.
1370 1101 1615 1152 (132-136.)

298 1156 424 1195 Idem
471 1155 581 1195 olim
613 1156 878 1196 Lemnum
916 1155 964 1194 in
1005 1154 1345 1195 Atheniensium
1384 1157 1615 1210 redegerat

299 1217 587 1264 potestatem,
626 1211 775 1252 eiectis
803 1207 1045 1267 Pelasgis,
1082 1209 1160 1261 qui
1192 1210 1282 1250 iam
1317 1217 1418 1251 ante
1449 1224 1502 1251 ex
1539 1212 1618 1251 At-

298 1266 386 1307 tica
415 1266 593 1306 fuerant
624 1266 766 1318 pulsi3
807 1272 885 1306 et
895 1267 1045 1329 'einde
1076 1264 1287 1306 mulieres
1318 1265 1508 1317 Atticas,
1551 1265 1617 1305 fe-

299 1329 416 1363 stum
439 1324 494 1361 ad
514 1324 785 1362 Brauronem
806 1330 1006 1385 agentes,
1003 1325 1289 1373 rapuerant;
1317 1335 1430 1373 quae
1452 1320 1617 1363 deinde

300 1380 357 1418 ab
390 1377 479 1417 illis
507 1392 598 1417 una
628 1391 728 1417 cum
759 1377 932 1430 pueris,
968 1390 1077 1428 quas
1104 1375 1152 1415 in
1180 1378 1351 1417 Lemno
1377 1383 1616 1430 peperant‚

301 1433 542 1473 trucidatae
568 1441 692 1473 sunt:
720 1434 841 1472 unde
857 1429 1055 1474 Lemnia
1072 1428 1256 1488 facta*
1243 1446 1291 1472 m
1321 1431 1618 1486 proverbium

302 1488 526 1530 abierunt.
556 1488 831 1540 (137-140.)

357 1632 936 1682 ARGUMENTUM
974 1630 1181 1708 LIBRI
1218 1632 1550 1682 SEPTIMI.

359 1740 513 1783 Dari
526 1756 589 1782 as
615 1755 785 1782 novum
806 1744 891 1782 adv
895 1755 1015 1782 ersus
1033 1740 1262 1782 Graeciam
1285 1743 1458 1782 bellum
1480 1745 1619 1804 parat,

303 1798 502 1850 itemque
519 1800 604 1839 adv
609 1812 728 1838 ει5υ5
746 1799 935 1838 rebelles
946 1796 1207 1860 Aegyptios.
1223 1797 1362 1851 (Cap.
1379 1798 1437 1850 1.)
1458 1795 1620 1849 Copias

305 1856 570 1900 eductums,
605 1867 901 1894 successorem
932 1852 1062 1907 regni
1088 1853 1318 1905 nominat,
1350 1867 1445 1894 non
1472 1851 1620 1892 filium

305 1919 409 1950 natu
444 1909 713 1956 maximum,
744 1911 821 1949 sed
850 1909 1084 1953 Xerxem,·
1116 1922 1251 1960 quem
1277 1908 1325 1948 in
1355 1922 1409 1949 ea
1438 1921 1486 1948 re
1513 1920 1621 1947 con-

305 1965 407 2005 silio
443 1964 573 2004 etiam
605 1964 719 2005 iuvit
743 1965 1031 2005 Demaratus
1059 1965 1204 2016 exsul,
1240 1977 1316 2004 rex
1349 1963 1459 2004 olim
1488 1963 1620 2015 Spar-

306 2028 387 2061 tae.
411 2023 474 2070 (2.
493 2021 560 2072 3.)
592 2022 701 2060 Mox
717 2028 894 2060 mortuo
908 2019 1048 2059 DarIO
1065 2018 1261 2060 succedit
1277 2019 1355 2060 Xe
1365 2032 1515 2065 νει-ευ
1534 2015 1621 2071 (4.)

308 2076 387 2128 qui
407 2089 431 2115 a
454 2075 692 2117 Mardonio
707 2106 718 2127 ‚
750 2077 807 2116 ab
830 2075 1064 2127 AIeuadis,
1097 2073 1408 2127 Pisistratidis,
1435 2081 1477 2114 et
1497 2074 1622 2114 Ono-

305 2130 492 2172 macrito
523 2130 731 2183 fatidico,
767 2132 823 2171 ad
851 2130 1123 2184 subigendos
1153 2131 1344 2170 Graecos
1373 2129 1623 2184 instigatur.

305 2188 455 2238 (5.6.)
497 2186 729 2240 Recipitur
760 2189 1015 2242 Aegyptus,
1050 2185 1123 2226 cui
1153 2186 1456 2226 Achaemenes
1490 2197 1622 2238 prae-

305 2243 468 2283 ficitur.
492 2245 510 2294 (
526 2243 593 2293 7.)

362 2310 576 2350 Xerxes
607 2307 860 2348 convocatis
882 2306 1060 2348 Persiac
1086 2305 1347 2359 proceribus
1375 2304 1548 2346 disserit
1567 2306 1623 2347 de

307 2361 565 2405 invadenda
586 2361 799 2404 Graecia.
821 2361 917 2416 (8.)
960 2362 1095 2419 Regis
1124 2361 1361 2403 consilium
1384 2363 1623 2402 vehemen-

306 2427 373 2460 ter
405 2421 627 2460 collaudat
659 2417 976 2465 Mardonias‚·
1010 2421 1110 2471 (9.)
1157 2419 1235 2459 sed
1243 2416 1391 2481 gravi
1421 2417 1624 2458 oratione

304 2475 530 2530 unpmbat
546 2474 852 2523 Artabanus,
882 2478 1131 2519 avunculus
1159 2472 1289 2530 regis.
1318 2472 1415 2526 (ιο.
1426 2475 1445 2525 )
1485 2472 1625 2514 Arta-
