1752 3042
116 268 276 359 57'55210
456 267 495 315 P
531 268 577 314 O
614 268 653 313 L
685 266 733 312 Y
765 264 827 312 M
863 265 914 311 N
950 265 975 310 Ι
1012 262 1076 311 A.
1334 267 1433 315 303

42 403 96 430 ιο
113 372 204 444 ’γάρ
230 373 537 445 Ἱπποκράτεος
565 377 918 432 Καλλιπολίτας
941 395 985 425 τε
1010 378 1090 424 καὶ
1119 374 1331 436 Ναξίους,
1354 381 1436 427 καὶ

113 455 410 519 Ζαγκλαίους
441 477 485 506 τε
514 461 593 505 καὶ
629 455 865 509 Λεοντίνους
885 489 896 506 ,
931 457 1009 502 καὶ
1040 447 1143 518 προς
1163 490 1174 507 ,
1217 451 1434 518 Συρηκου-

114 537 227 589 ο-ίους
254 554 298 584 τε
323 538 402 583 καὶ
425 537 506 583 τῶν
529 524 772 597 βαρβάρων
801 525 1005 592 συχνοδς,
1043 526 1141 595 dm}
1169 533 1367 591 ἐφαίνετο
1394 534 1434 582 ἐν

115 606 291 661 τούτοισι
330 611 434 659 τοῖο-ι
467 601 698 674 πολέμοιο-ι
736 602 809 657 ε’ὢν
845 608 869 657 οε
904 606 946 657 Γ
949 601 1058 657 ε’λων
1098 600 1430 672 λαμπρότατος.

115 711 194 738 των
216 684 324 739 δὲ
285 696 394 738 εἰπον
413 690 592 739 πολίων,
616 707 814 739 τουτεων,
840 681 954 745 πλην
974 679 1296 751 {vem-coucam,
1323 686 1434 736 ου’ὃε-

50 779 98 818 ιό
115 771 190 835 μιή
217 759 414 826 πέφευγε
445 758 688 822 εῩουλοο-όνην
718 785 822 828 προς
847 757 1166 856 Ιπποκράτεος.
1218 762 1435 830 Συρηκου-

117 847 227 899 ο-ίους
254 838 300 892 cie
332 841 530 906 Κορίνθιοί
555 862 599 890 τε
627 861 707 888 και
734 839 985 906 Κερκυραῖοι
1020 834 1265 907 ε’ῥρὗο-αντο,
1300 835 1436 906 μάχῃ

117 918 373 974 ἑσσωθέντας
399 921 471 967 ε’πὶ
502 921 697 986 ποταμῷ
727 912 918 987 Ἐλωρῳ
974 912 1194 987 ε’ῤῥυσ-αντο
1223 913 1268 967 δε
1301 914 1432 971 οὑτοι,

114 999 186 1046 ε’πὶ
207 994 340 1046 τοῖο-δε
372 992 746 1055 καταλλάξαντες
762 1031 775 1049 ,
810 996 879 1045 ἐπ’
909 1015 989 1044 ωτε
1023 988 1308 1060 Ιπποκράτεὶ
1332 994 1437 1046 Κα-

112 1076 289 1140 μαρίναν
316 1071 628 1139 {vennone-love
659 1071 945 1137 παραδοῦναι·
983 1070 1277 1137 Συρηκουσίων
1310 1067 1414 1121 δε
1389 1093 1435 1131 ην

113 1149 358 1217 Καμαρίνα
381 1173 428 1200 το
453 1151 647 1215 α’ρχαιον.
721 1148 814 1205 Ως
839 1144 884 1199 δε
907 1152 986 1198 καὶ
1010 1143 1332 1214 Ιπποκράτεα,
1365 1173 1435 1199 τυ-
1457 1146 1550 1197 155

114 1221 396 1293 naturaie-auree.
426 1226 506 1278 ἴσα
536 1218 639 1277 ἔτεα
670 1230 732 1297 τῷ
760 1226 969 1320 αδελφεῷ
998 1221 1265 1296 Κλεάνδρῳ,
1300 1250 1433 1280 κατε-

114 1305 240 1364 λαβε
262 1307 480 1356 α’ποθανειν
500 1324 602 1370 προς
626 1299 738 1355 πολι
751 1295 936 1369 Υβλη,
974 1301 1338 1370 στρατευσάμενον
1363 1309 1437 1356 ἐπὶ

0 1395 3 1445 j
113 1405 208 1439 τους
239 1378 467 1439 Σικελοιῖς·
513 1402 619 1431 ουτω
643 1377 742 1441 ὃη
720 1406 738 1432 ο
776 1376 841 1432 Γ
819 1394 950 1436 ελων,
980 1405 1040 1431 τω
1072 1375 1201 1451 λόγῳ
1225 1405 1438 1450 τιμωρεων

74 1470 97 1510 5
114 1461 219 1510 τοῖο-ι
252 1454 556 1524 Ἱπποκράτεος
581 1464 713 1510 παισὶ
748 1460 956 1526 Εὐκλείδῃ
988 1481 1031 1511 τε
1067 1466 1146 1510 καὶ
1175 1455 1435 1531 Κλεάνδρῳ,

114 1603 213 1645 xios
240 1610 525 1660 oppugnaret
544 1604 863 1658 Hippocrates,
892 1612 934 1644 et
952 1607 1194 1646 Zanclaeos
1224 1613 1266 1645 et
1290 1607 1438 1646 Leon-

5 1699 8 1723 ,
114 1669 260 1724 tinos,
298 1669 497 1722 itemque
529 1670 792 1724 Syracusios
824 1677 868 1711 et
900 1672 1116 1712 Barbaros
1153 1673 1348 1722 multos;
1389 1672 1439 1713 in

5 1729 7 1749 ³
116 1736 284 1777 cunctis
300 1737 370 1778 his
386 1737 515 1778 bellis
527 1739 755 1791 praeclare
769 1737 954 1778 Gelonis
972 1738 1112 1779 virtus
1129 1738 1333 1779 eminuit.
1359 1741 1441 1779 Ea-

115 1816 218 1844 rum
242 1810 391 1843 autem
416 1817 528 1856 quas
553 1803 648 1844 dixi
674 1804 906 1845 civitatum
933 1807 1080 1858 nulla,
1104 1813 1282 1858 praeter
1306 1808 1442 1861 Syra-

117 1883 265 1923 cusas,
300 1866 456 1925 effugit
483 1870 594 1922 quin
623 1871 671 1911 in
701 1871 961 1913 servitutem
982 1873 1037 1913 ab
1063 1871 1344 1926 Hippocrate
1371 1887 1440 1913 re-

117 1936 354 1991 digeretur.
383 1938 643 1991 Syracusios
664 1952 793 1984 ver0‚
817 1939 989 1992 praelio
1008 1939 1149 1980 victos
1172 1942 1229 1980 ad
1254 1942 1441 1981 Elorum

116 2002 303 2043 fluvium
313 2035 324 2057 ,
344 2004 646 2045 liberaverunt
661 2006 884 2046 Corinthii
898 2013 940 2047 et
953 2007 1215 2060 Corcyraei,
1234 2006 1442 2048 concilia-

117 2071 161 2109 ta
182 2083 291 2123 pace
316 2070 364 2110 in
386 2073 502 2112 hane
524 2072 831 2114 conditionem
848 2104 859 2126 ,
886 2080 935 2114 ut
956 2074 1241 2114 camarinam
1262 2074 1442 2128 Hippo-

119 2137 230 2178 crati
256 2140 482 2179 traderent
499 2139 748 2192 Syracusii:
779 2154 883 2180 nam
911 2141 1156 2193 antiquitus
1179 2141 1442 2195 Syracusio-

118 2218 220 2243 rum
245 2205 476 2246 Camarina
501 2206 659 2247 fuerat.
725 2205 886 2261 (155.)
918 2207 1168 2260 Postquam
1192 2222 1300 2248 vero
1326 2209 1442 2261 Hip-

118 2271 290 2323 pocrati
313 2271 468 2318 etiam,
506 2287 647 2325 quum
679 2273 868 2313 totidem
898 2287 1042 2314 annos
1078 2282 1190 2327 quot
1219 2277 1442 2315 Cleander

122 2337 257 2378 frater
276 2346 518 2393 regnasset,
549 2339 710 2380 accidit
737 2348 785 2380 ut
810 2342 867 2380 ad
898 2342 1101 2394 Hyblam
1132 2343 1315 2395 urbem,
1348 2343 1444 2382 hel-

122 2406 218 2445 lum
240 2419 395 2459 gerens
425 2420 526 2446 cum
554 2406 736 2459 Siculis,
758 2410 1066 2461 occumberet,
1099 2416 1206 2449 tunc
1226 2409 1444 2453 nimirum

120 2471 196 2512 hic
220 2472 421 2519 Gelon,
443 2473 627 2514 nomine
651 2473 834 2525 quidem
857 2483 983 2515 tenus
1007 2488 1140 2528 opem
1169 2476 1314 2516 ferens
1339 2474 1445 2516 filiis

123 2539 413 2592 Hippocratis
438 2541 613 2582 Euclidi
637 2549 679 2583 et
710 2543 956 2597 Cleandro,
990 2543 1152 2595 quibus
1177 2542 1263 2583 iam
1287 2556 1447 2596 parere
