1752 3042
246 195 332 243 IN
371 193 799 242 HERODOTI
834 193 986 242 LIB.
1023 194 1129 246 VI.
1286 195 1346 245 51

40 310 72 353 l.
96 321 162 349 2ο.
199 306 458 362 ἐστρατεύοντο)
497 308 685 359 ἐστράτευον
711 305 860 348 Arell-
892 328 944 336 —-
983 319 1066 346 nec
1095 307 1183 346 hoc
1209 309 1349 361 male,

36 378 121 409 nec
142 370 297 403 contra
319 362 540 403 Herodoti
568 376 714 403 usum.
742 361 856 404 Vide
876 362 953 402 VI.
973 375 1011 414 7,
1028 374 1067 402 2.
1092 363 1126 401 Ι.
1144 376 1211 415 77,
1227 377 1290 414 14.
1308 372 1352 405 et

37 420 247 461 eumdem
277 419 425 459 Arch.
450 420 486 458 Ι.
523 430 600 468 204
628 424 737 462 extr.
807 417 919 457 l.22.
959 414 991 456 δὲ
1024 417 1202 457 συνάπτειν
1229 420 1351 467 μοι’χην

37 475 164 518 Med.
184 474 297 515 Ask.
322 475 461 516 Pass.
485 473 537 514 V
533 469 629 512 ind.
650 472 797 513 Arclz.
823 468 1033 524 [Paris.]
1062 471 1165 512 Alii
1190 472 1223 513 δέ
1244 486 1352 520 σφεων

34 530 232 572 συνάπτειν.
261 552 314 560 --
344 529 376 570 δὲ
406 529 552 576 ξυναπτ.
575 527 674 576 μα’χ.
692 528 749 567 Ε
816 528 846 566 l.
873 529 940 567 26.
966 525 1124 580 γνόντες)
1153 529 1352 575 α’ναγνόντες

37 584 188 630 Arell-
212 582 356 624 Vind.
425 584 456 624 l.
483 596 548 635 29.
583 580 736 635 ἔθηκαν)
763 584 921 626 ἐπέθηκαν
943 582 999 621 F'.
1071 583 1100 622 l.
1126 586 1193 627 30.
1216 583 1350 637 αὔτὸν)

35 641 149 682 αὐτῶν
178 639 327 680 Arch.
396 639 426 677 l.
448 643 514 680 31.
543 637 693 691 Ὑσιοὶς)
728 639 847 684 Ὑσιοῖς
871 638 961 679 Ρα.
1001 639 1118 684 ’Υσίας
1146 639 1352 680 nominat

40 695 251 751 Thucyd.
278 702 322 735 et
342 694 499 746 Steph.
517 694 633 748 Byz.

32 791 38 799 ,
95 750 243 793 CAP.
261 750 389 794 CIX.
411 746 521 790 Lin.
538 761 576 789 2.
599 748 719 788 ἐώντων
735 745 973 800 συμβοῖλλειν)
990 747 1080 788 ε’ὥντ.
1097 749 1351 796 ξυμβαλεῖνῘῖ

35 805 68 846 Ζ.
87 809 125 846 3.
139 805 264 850 Μήδων
283 805 568 857 συμβαλέειν)
583 804 850 849 συμβάλλειν
864 804 1002 844 Pass.
1022 801 1167 844 Vind.
1188 828 1235 834 -—
1255 807 1350 850 Μῆδ.

35 862 244 908 ξυμβάλλειν
258 861 347 901 Ρα.
367 859 460 903 Μήδ.
478 861 663 906 ξυμβαλεῖν
676 859 733 898 F.
750 866 798 898 ut
815 860 953 911 paulo
969 866 1084 899 ante.
1104 861 1158 900 In
1170 861 1257 903 Pe.
1274 863 1352 902 de-

31 924 136 958 sunt
161 923 332 968 septem
355 917 515 967 verba,
542 916 676 959 ᾰλίγους
699 915 765 964 γοὶρ
786 921 871 954 etc.
937 915 967 953 l.
989 929 1028 964 4.
1054 915 1138 963 δίχα
1158 934 1193 956 τε
1213 917 1352 959 Pass.

31 970 168 1025 [etF.
188 971 338 1013 nescio
354 984 412 1011 an
425 970 571 1020 Para]
598 970 813 1009 Euclitica
829 971 991 1009 aberat.
1050 971 1079 1009 l.
1099 977 1137 1012 5.
1154 970 1351 1027 ἑνδέκατος)

34 1029 221 1068 Temere
241 1026 384 1072 ’ἕκαστος
402 1028 459 1067 F.
517 1027 545 1065 l.
572 1039 611 1076 7.
633 1027 671 1064 οἱ
693 1026 855 1068 Ἀθηναῖοι
874 1025 1013 1066 Pass.
1031 1026 1255 1067 Articulus
1279 1042 1351 1068 ce-

29 1083 135 1123 teris
154 1084 317 1123 deerat.
345 1106 401 1113 -—
429 1081 616 1123 Videtur
645 1080 868 1120 adiectum
895 1081 1089 1121 voluisse
1109 1082 1350 1124 articulum

30 1140 190 1185 ,Wess-
210 1152 293 1178 nec
321 1144 470 1177 tamen
497 1134 718 1189 reperitur
738 1135 787 1175 in
811 1135 933 1176 illius
959 1138 1218 1190 exemplari.
1259 1141 1350 1180 Nos

29 1193 267 1243 eiecimus,
303 1199 549 1246 praeeunte
574 1191 707 1232 etiam
728 1205 810 1232 ms.
832 1192 889 1231 F.
946 1191 976 1230 l.
1004 1204 1066 1232 12.
1086 1195 1349 1238 μνημόσυνα

27 1263 113 1289 Αοι·ειι
133 1248 287 1302 steph.
318 1249 456 1289 Pass.
489 1254 532 1288 et
559 1253 659 1300 post
687 1260 830 1300 pauca
861 1246 942 1287 οἷα.
979 1246 1094 1287 Vide
1124 1249 1225 1289 VII.
1253 1253 1348 1290 226.

27 1306 108 1346 ΙΧ.
131 1308 193 1345 16.
219 1303 299 1344 ubi
324 1303 463 1344 simili
486 1315 689 1343 numero.
717 1326 772 1334 --
801 1303 1054 1353 Utrumque
1072 1304 1221 1357 recepi
1244 1319 1347 1346 cum

28 1357 211 1417 Schaefi
248 1373 331 1412 pro
360 1359 569 1406 μνημόσυνον
604 1364 646 1397 et
674 1357 757 1403 οἷον,
799 1371 913 1409 quae
937 1358 1073 1408 habet
1097 1358 1166 1398 ed.
1195 1361 1348 1402 Wess.

27 1430 133 1457 cum
161 1414 274 1457 aliis.
301 1415 502 1461 μνημόσυνα
528 1414 690 1453 dedere
721 1411 855 1453 etiam
884 1413 942 1452 F.
969 1420 1011 1452 et
1030 1412 1118 1454 Pb.
1144 1415 1223 1466 qui
1246 1417 1347 1468 qui-

28 1473 135 1513 dem
169 1471 304 1512 ambo
336 1470 399 1510 οἷον
429 1475 594 1510 tenens.
670 1469 699 1508 l.
731 1473 794 1511 16.
821 1467 1002 1520 δέδοκται)
1029 1469 1174 1510 δέδεκται
1206 1472 1344 1513 Pass-

27 1529 107 1569 sed
130 1524 391 1567 correctoris
413 1538 566 1565 manu.
630 1521 754 1564 Ibid.
783 1525 902 1574 Ἱππίῃ
928 1525 1049 1564 deest
1068 1524 1157 1565 Pb.
1224 1528 1253 1566 l.
1283 1543 1346 1580 ¹7·

28 1585 99 1626 ἐστι
122 1579 267 1634 πρώτη)
293 1584 377 1621 ἔστιν
408 1580 495 1624 αὕτη
521 1580 633 1632 πρώτη
658 1581 714 1620 F.
748 1586 923 1633 praeter
945 1580 1251 1623 necessitatem
1277 1598 1346 1624 re-

25 1644 184 1692 petens
204 1637 301 1679 αὕτη.
362 1636 391 1674 l.
422 1637 481 1675 18.
500 1633 653 1688 πολίων)
671 1635 802 1676 πόλεων
821 1635 878 1675 E
894 1633 980 1674 Pb.
1040 1636 1069 1674 l.
1093 1650 1156 1687 19.
1174 1638 1344 1692 γενέσθαι)

26 1696 172 1740 γίνεσθαι
197 1692 284 1733 Pb·
340 1687 463 1731 Ibid-
494 1695 523 1736 ἔς
545 1693 581 1730 σε’
608 1709 641 1730 τι
664 1691 789 1731 Med·
809 1690 1075 1731 PaSS.ASk·
1106 1693 1291 1745 Reliqui
1316 1698 1345 1742 ἔς

25 1748 92 1793 ἔτι.
116 1770 171 1780 -
198 1748 271 1789 Sic
283 1747 340 1787 F.
372 1749 415 1792 εἰς
437 1745 488 1787 ἔτι
507 1747 593 1787 Pe.
613 1746 703 1786 Pd.
726 1749 906 1787 Tonum
933 1746 1082 1787 minus
1106 1751 1344 1792 commode

33 1806 109 1845 W
103 1818 186 1844 ess.
200 1803 263 1844 sic
278 1801 442 1854 posuit,
459 1801 493 1847 ἔς
509 1820 544 1842 σε
560 1820 607 1841 τι.
629 1803 682 1842 Et
696 1807 759 1843 καί
770 1820 835 1846 κως
849 1801 918 1842 ed.
934 1804 1006 1843 W
1001 1817 1084 1842 ess.
1099 1817 1199 1842 cum
1220 1820 1345 1858 prae-

25 1860 153 1901 cedd.
198 1861 334 1899 Recte
371 1861 431 1897 καὶ
461 1860 543 1903 κῶς
574 1858 643 1898 ed.
673 1855 855 1914 Schaesss
889 1864 932 1897 et
958 1857 1021 1897 sic
1051 1859 1106 1899 F.
1137 1860 1226 1902 Pa.
1252 1862 1343 1903 Pel.

27 1917 138 1961 Mox
162 1915 307 1966 τούτων,
329 1925 422 1953 non
443 1915 598 1963 τουτέων,
615 1913 672 1952 F'.
729 1914 758 1953 l.
774 1925 840 1953 20.
865 1910 984 1966 ἔχειν)
1005 1915 1169 1962 σχεῖνΕ
1227 1917 1255 1957 Ι.
1276 1930 1342 1958 21.

26 1968 144 2024 δίχα)
163 1970 276 2019 ’δίχαι
301 1968 449 2010 ΑῙὍῘΙ.
522 1968 551 2006 l.
582 1980 648 2008 22.
673 1970 870 2010 κελευόντων
895 1972 1162 2012 συμβαλέειν
1192 1972 1342 2013 Arch,

36 2027 91 2069 V
88 2024 186 2067 ind.
219 2023 359 2078 [Puto
384 2031 425 2064 et
444 2023 532 2064 Pa.
556 2023 644 2064 Pe.
662 2023 778 2077 Pcl.]
819 2025 986 2063 Aberat
1010 2026 1055 2063 h.
1083 2026 1112 2064 l.
1140 2032 1356 2073 συμβαλέειν

28 2083 129 2123 edd.
148 2088 250 2121 ante
271 2082 419 2121 Wess.
444 2103 499 2110 —-
528 2086 570 2118 et
591 2081 713 2120 abest
728 2082 786 2121 F.
801 2078 890 2120 Pb.
946 2080 976 2118 l.
1001 2083 1067 2121 23.
1087 2080 1123 2120 οὗ
1141 2087 1342 2128 συμβαλέειν

27 2137 168 2180 iidem
187 2132 485 2177 Arch.Vind.
516 2136 554 2175 ου’
572 2137 784 2181 συμβάλλειν
800 2135 1088 2175 scribebatur.
1107 2157 1162 2166 -
1191 2139 1228 2178 ου’
1246 2141 1343 2185 ξυμ-

24 2194 169 2238 βάλλειν
200 2193 256 2232 F.
291 2192 379 2232 Pa.
406 2190 492 2231 Pb.
566 2191 600 2229 l.
633 2205 697 2242 24.
736 2210 811 2232 τινα
848 2193 973 2231 abest
1007 2190 1156 2231 Arch.
1195 2193 1248 2233 V
1244 2192 1343 2235 ind.

28 2245 153 2292 Jbid-
180 2249 391 2292 ἐμπεσοῦσαν
415 2244 616 2297 διασείσειν)
644 2247 783 2287 ὃιασείσ.
809 2249 930 2291 imum.
955 2246 1013 2287 F*-
1085 2247 1115 2286 l·
1135 2250 1200 2287 25.
1227 2249 1342 2304 ὥστε)

30 2303 73 2349 ὅς
94 2322 128 2344 τι
159 2299 305 2344 Vind.
377 2302 406 2340 l·
430 2314 494 2351 27-
524 2299 612 2354 ἶσα)
643 2304 701 2343 ἰ’σα
724 2302 893 2344 R-Pa.
939 2299 1071 2342 ..Ibid-
1099 2302 1216 2357 εἰμὲν)
1245 2308 1341 2351 ἐσμὲν

27 2357 115 2399 Pb.
160 2360 402 2398 Accentum
431 2356 494 2396 sic
517 2356 649 2409 posui
676 2359 736 2399 οἶοί
761 2376 797 2399 τε
823 2360 910 2403 εἰμὲν
938 2364 1185 2410 praeeunte
1210 2360 1266 2400 F.
1299 2368 1344 2401 et

26 2415 139 2455 Edd.
170 2421 272 2454 ante
300 2409 480 2469 Schaef.
522 2413 582 2453 οἶοί
618 2417 656 2454 τέ
686 2416 772 2458 εἰμεν
802 2415 871 2452 ed.
900 2410 1082 2470 Schaqf·
1122 2421 1164 2453 et
1192 2416 1342 2456 Bor-h.

28 2469 58 2510 l.
84 2471 151 2512 28.
176 2471 336 2520 συμβολῇ
347 2466 368 2522 )
396 2469 555 2519 ξυμβολῇ
579 2468 634 2510 ,F-
706 2470 735 2508 l.
759 2482 827 2521 29.
857 2467 1001 2563 ἄρτΒ-αι
1025 2468 1173 2510 Arch.
1194 2470 1248 2513 V
1243 2468 1341 2512 ind.

988 2536 1012 2563 2
