1752 3042
286 221 374 268 IN
412 218 869 268 HERODOTI
908 218 1057 267 LIB.
1092 221 1235 273 VII.
1307 220 1401 271 135

82 332 210 376 Brit.
236 335 360 376 Olim
384 338 519 387 χώροισι
537 338 637 377 edd.
695 337 723 377 l.
746 350 783 387 9.
798 339 935 376 τουτέων
950 335 1131 377 nuncin
1152 350 1283 377 masc.
1299 350 1401 391 gen.

81 405 185 431 cum
211 391 310 432 a-liis
338 392 491 432 scribit
503 393 560 432 F.
589 395 741 432 contra
757 391 1034 432 institutum:
1058 393 1137 432 sed
1153 391 1274 432 idem
1295 405 1403 432 mox

24 486 25 490 ,
83 460 121 486 c.
147 449 242 493 138,
264 452 302 488 3.
327 449 462 498 ainzu,
483 448 675 500 utalib17
693 461 785 486 non
808 449 945 487 αὐτέων.
1003 449 1032 487 l.
1055 462 1116 487 10.
1138 446 1402 501 Κρῆσῒωνκίκς)

79 508 319 552 Κρηστωναίων
343 502 489 543 ΑΓΟΙΙ.
518 501 663 543 Vind.
681 501 809 542 Brit.
836 502 1001 548 Valla,
1020 500 1181 543 Paris.
1196 504 1252 543 B.
1283 503 1401 551 [no-

23 596 25 599 .
80 564 168 597 ster
182 559 269 598 Pa.
296 561 348 598 Et
364 559 426 598 sic
447 560 501 598 ed
532 560 768 615 lungerm.
789 565 830 597 et
848 556 978 610 Gaza]
999 561 1212 608 Κρηστωνέων
1227 558 1337 598 Ald.
1359 564 1401 597 et

22 630 24 652 ι
77 614 235 666 Steph.
263 618 493 664 Κρηττωναίης
513 616 649 655 Pass.
673 613 786 654 Ask.
804 611 966 654 Paris.
986 613 1045 654 A.
1066 612 1177 667 [Pe.
1199 613 1285 653 Pb.
1308 613 1398 655 Pd.

19 689 24 719 ς
79 675 125 709 et
147 671 207 709 F.
239 676 281 709 et
307 670 369 710 sic
394 671 461 709 ed.
486 672 631 711 Gron.
652 677 695 709 et
717 668 867 723 seqq.]
897 673 1103 720 Κρκστωνέκς
1126 669 1252 710 Med.
1296 668 1399 708 Pri-

19 723 21 778 ἦ
77 724 247 766 stinum
275 724 465 778 [nempe
498 724 761 778 Κρηστωναίων]
790 725 956 764 servari
986 725 1142 776 utique
1169 732 1396 777 potuerat,

78 781 139 819 ob
162 795 198 820 c.
224 793 313 831 124.
379 780 501 821 Ibid.
521 781 710 831 Ἐχείὸωρες
725 781 873 821 Arc-h.
896 780 947 821 V
945 778 1042 821 ind.
1069 780 1121 820 V
1117 781 1226 821 alla.
1268 779 1398 821 Prius

16 849 21 873 ,τ
74 835 232 887 Χείδωρος
251 843 358 876 crat.
377 860 431 867 ——
451 836 521 876 Sic
540 839 596 876 F.
615 843 658 876 et
675 833 838 877 Paris.
853 851 954 876 cum
971 836 1092 888 aliis,
1109 843 1159 875 ut
1176 851 1209 877 c.
1240 849 1334 887 124,
1359 851 1398 887 7.

15 910 18 922 ⁴
141 891 289 933 CAP·
323 892 615 934 CX.XVJJJ‚
651 890 760 932 Lin.
801 907 835 932 1.
880 893 1087 933 Θεσσκλικσῖ
1115 893 1252 933 Pass.
1285 892 1397 933 Ask-

16 952 21 963 ''
84 944 227 987 Vincl.
251 946 400 988 Arch.
429 950 507 997 [F.
530 945 720 996 Paria]
764 947 855 987 Alii
881 948 1108 999 Θετταλικά,
1142 948 1277 987 etiam
1298 948 1398 987 Eu-

14 1029 16 1048 ι
74 1003 221 1043 scach.
236 1005 292 1042 ad
310 1003 437 1044 Iliad.
457 1019 499 1057 p.
515 1008 591 1055 337
606 1035 618 1057 7
644 1020 678 1043 ι.
699 1002 768 1056 [p.
782 1005 881 1055 255,
898 1015 935 1052 4.
957 1003 1026 1041 ed.
1042 1002 1162 1056 Bas.]
1190 1003 1260 1043 his
1279 1017 1396 1044 usus.

75 1058 107 1097 l.
132 1071 168 1098 2.
182 1058 367 1105 Ὄλυμπον
386 1062 430 1100 h.
450 1062 481 1100 l.
502 1067 652 1100 tenent
677 1072 832 1098 omnes
866 1059 966 1098 edd.
987 1064 1029 1098 et
1051 1058 1186 1098 mssti.
1209 1058 1338 1099 Conf.
1358 1073 1391 1099 c.

13 1139 17 1155 fl
76 1126 180 1166 129,
202 1116 240 1153 6.
306 1113 433 1155 Ibid.
453 1116 597 1161 μεγάθεΐ
610 1113 678 1167 τε)
709 1114 828 1154 Defit
847 1133 883 1155 τε
902 1113 1048 1154 Arch.
1076 1112 1222 1154 Vind.
1241 1122 1284 1154 et
1298 1115 1396 1155 Eu-

11 1165 15 1208 :
73 1170 221 1209 δὶαἰῆ.
243 1170 322 1221 qui
341 1173 456 1211 male
479 1174 601 1217 [uz-,1552
623 1172 745 1221 ὑπερμ.
764 1195 819 1202 —-
858 1169 1132 1210 Particulaln
1155 1189 1191 1210 τε
1215 1176 1396 1210 tuentur

71 1224 153 1264 alii
177 1225 284 1265 libri
311 1240 489 1278 omnes,
523 1240 657 1278 quam
685 1225 893 1266 revocavi
918 1225 1135 1265 abiectam
1165 1239 1190 1265 a
1213 1223 1396 1283 Sebaef

10 1295 11 1298 Ἴ
78 1280 109 1319 l·
130 1282 168 1320 5·
191 1282 271 1321 Εἶναί
289 1281 428 1335 ΤκύΤῇ)
447 1283 555 1332 Talis&
577 1282 655 1322 ξῖνΜΙ
674 1282 729 1320 R
750 1285 868 1322 Ταῦτα
887 1282 966 1321 Εἶναί
982 1281 1070 1322 Pb·
1092 1282 1171 1321 Εἶναί
1191 1282 1316 1326 Ταύτην
1335 1283 1395 1322 77ἶῖ

8 1325 11 1357 ,¹
73 1335 166 1376 Pd.
224 1337 256 1376 l.
273 1339 311 1377 8.
326 1338 524 1385 Πεῤῥαιβσύς
538 1337 685 1378 Arch.
702 1336 962 1378 Pass.Ask.
985 1337 1037 1378 V
1035 1335 1133 1376 ind.
1144 1337 1254 1378 Ald.
1277 1338 1329 1377 V
1326 1338 1395 1377 al·-

7 1427 9 1445 3
73 1391 135 1430 la.
167 1390 384 1445 [Paris.]
422 1394 606 1444 Περαιβούς
640 1392 912 1432 recentiores
949 1392 1072 1432 editi.
1099 1414 1154 1423 -—
1193 1392 1288 1433 scil.
1322 1395 1392 1433 ed.

6 1485 8 1499 ,
67 1447 225 1500 Sceph.
254 1462 355 1488 cum
375 1448 465 1488 suis
481 1455 524 1488 et
543 1449 689 1488 Gron.
709 1462 950 1500 rursusque
965 1463 1000 1488 c.
1023 1452 1114 1489 131.
1134 1454 1179 1488 et
1199 1463 1291 1501 seq.
1321 1449 1394 1489 Sic

6 1502 7 1507 ’
71 1507 117 1542 et
140 1502 321 1559 Schaegf.
341 1505 385 1544 h.
404 1506 435 1545 1.
463 1504 510 1544 in
531 1506 601 1544 ed.
628 1515 665 1544 2.
691 1510 733 1544 et
754 1518 849 1557 cap.
878 1508 950 1545 131
977 1518 1068 1555 seq.
1098 1503 1145 1543 in
1172 1511 1394 1556 utraque:

71 1557 198 1599 cuius
228 1562 485 1613 exemplum
513 1561 726 1600 hactenus
747 1573 842 1600 non
872 1560 1014 1600 secuti
1040 1566 1145 1600 sunt
1168 1562 1319 1601 Bor-k.
1350 1567 1393 1601 et

70 1614 256 1655 Schulz.
299 1617 352 1655 Jn
375 1630 454 1657 ms.
488 1617 545 1656 17⁷.
570 1615 730 1656 vitiose
756 1617 800 1655 h.
832 1617 863 1656 l.
895 1617 1146 1667 Τετταραιβοὺς
1170 1617 1393 1657 scribitur.

4 1707 5 1712 ,
70 1668 197 1710 Ibid.
229 1670 376 1725 Γόννον)
414 1672 511 1713 Γᾶνσν
540 1671 690 1713 Arch.
726 1672 885 1713 Valla.
952 1672 981 1711 l.
1017 1686 1056 1722 9·
1093 1672 1393 1722 οἷσφοιλέστοιτον)

2 1741 5 1777 J
71 1727 414 1773 ἀσφαλέστατα
440 1727 526 1768 Pb.
556 1730 678 1780 quod
700 1728 843 1768 miror
871 1741 923 1767 ex
951 1729 1079 1767 nullo
1111 1727 1205 1767 alio
1228 1727 1391 1774 >codice

2 1794 3 1829 ξ
68 1782 313 1823 laudatum.
333 1784 574 1838 Vulgatum
591 1783 774 1836 quidem
788 1784 973 1824 tenetF.
991 1797 1091 1823 cum
1107 1783 1220 1824 aliis.
1278 1785 1309 1822 l.
1328 1798 1391 1824 10.

1 1842 5 1847 ‘
71 1839 175 1883 ἐσβοὶς
194 1835 254 1890 ἐς)
272 1840 375 1884 ἐσβοὶς
394 1839 421 1878 δ’
438 1842 467 1884 ἐς
481 1841 602 1880 solus
616 1840 765 1880 Arch.
779 1862 832 1871 —
851 1841 905 1879 Et
928 1839 1099 1893 recepit
1115 1838 1393 1880 coniunctio-

65 1905 174 1933 nem
202 1891 384 1949 Selmqf)
419 1909 556 1946 quam
585 1895 848 1948 neutiquam
881 1894 1139 1947 requirebat
1169 1896 1393 1936 Herodoti

69 1950 227 2002 stylus.
283 1947 407 1990 Ibid.
440 1954 469 1996 ἐς
488 1951 547 1993 wir
571 1950 661 2005 περ)
688 1954 717 1998 ἐς
734 1952 831 2002 ἕνπερ
848 1951 905 1991 F
973 1952 1003 1990 l.
1036 1966 1097 1990 ιι.
1129 1950 1303 2005 ἐσέβαινε)
1332 1954 1392 1992 ἐνέ-

69 2009 163 2047 Βαινε
183 2006 238 2045 F.
254 2005 341 2046 Pb.
405 2004 529 2046 Ibid.
551 2006 636 2053 ὅκως
651 2007 722 2058 τι)
745 2006 818 2047 Sic
836 2013 954 2047 recte
980 2008 1028 2047 F.
1058 2007 1166 2047 item
1186 2008 1276 2048 Pa.
1300 2021 1393 2047 mo-

69 2066 205 2100 nente
225 2060 492 2109 Larcher0;
523 2068 634 2115 puto
664 2062 827 2115 etalii,
859 2078 882 2103 e
908 2062 1071 2115 quibus
1092 2064 1180 2102 hoc
1210 2071 1391 2105 enotare

67 2117 360 2171 neglexerant
379 2118 458 2170 qui
478 2117 654 2159 codices
675 2132 918 2159 excussere.
948 2121 1187 2172 Perperam
1210 2120 1296 2166 ὅκως
1318 2134 1390 2160 τοις

70 2173 196 2224 quod
225 2171 318 2211 iam
339 2180 440 2213 ante
468 2187 551 2214 nos
573 2182 803 2228 perspecte
827 2175 1018 2215 correxit
1035 2171 1216 2230 Schaqfi
1274 2177 1303 2215 l.
1329 2189 1391 2225 14.

0 2254 1 2259 =
70 2226 215 2281 Ξέρξης)
241 2228 546 2278 δΞέρξηςΑν-σῆ.
574 2230 694 2270 Hinc
712 2230 926 2272 articulus
951 2230 1143 2271 accessit.
1161 2233 1316 2272 Wrzss.
1336 2253 1389 2262 —

69 2285 138 2323 Dc
162 2282 417 2324 adiiciendo
447 2299 500 2324 ex
528 2285 676 2326 Arc-h.
708 2286 897 2328 articulo
922 2286 1214 2343 cogitaverat,
1240 2293 1290 2327 ut
1313 2288 1390 2326 ad-

68 2346 216 2392 paret,
254 2339 595 2397 PVesselingius
609 2359 622 2382 :
644 2344 721 2383 sed
742 2350 819 2383 aut
837 2357 931 2383 non
952 2343 1102 2397 paruit
1127 2342 1300 2383 Editori
1319 2349 1390 2396 ty-

66 2397 271 2449 pometa,
301 2402 378 2435 aut
409 2395 504 2449 ipse
537 2397 642 2437 dein
672 2399 938 2439 sententiam
960 2398 1164 2439 mutavit.
1203 2399 1390 2454 Ignorat

65 2464 172 2491 sane
191 2450 431 2492 articulum
449 2453 517 2492 ed.
543 2455 693 2494 Wess.
713 2468 816 2495 cum
838 2455 938 2495 aliis
962 2454 1196 2506 omnibus,
1219 2469 1301 2494 nec
1321 2456 1390 2494 ul-

63 2509 133 2548 lus
161 2509 259 2548 cod.
283 2521 362 2548 ms.
391 2514 565 2561 praeter
590 2507 737 2550 Arc-lt.
763 2512 972 2552 eumdem
996 2510 1209 2565 agnoscit.
1267 2508 1387 2552 Ibid.
