1752 3042
279 219 368 266 IN
403 216 857 266 HERODOTI
894 217 1046 265 LIB.
1083 217 1222 269 VII.
1310 218 1403 267 133

141 329 292 375 CAP·
322 332 527 375 CXXII.
558 329 666 373 Lin.
698 344 738 371 2.
765 331 960 377 διεξέπλωσε
982 330 1106 370 Med.
1130 330 1242 371 Ask.
1267 332 1407 371 Pass.

87 385 320 428 Paris.A.
350 388 441 428 Alii
458 389 640 440 ὃνέπλωσε,
659 388 780 438 quod
798 387 954 426 eodem
976 385 1131 425 tendit.
1145 410 1198 417 —-
1216 386 1404 427 Videtur

84 456 180 482 non
198 442 359 484 Paris.
379 443 438 484 A.
463 444 541 483 sed
558 440 718 484 Paris.
739 443 792 485 C.
821 441 1025 480 debuisse
1061 443 1211 481 Wess.
1241 441 1319 492 qui
1342 448 1405 481 est

84 505 237 538 noster
254 499 340 540 Pb.
368 512 471 538 nam
491 499 538 537 in
558 499 645 538 Pa.
672 503 714 537 et
730 499 814 539 Pe.
845 497 1058 536 διέπλωσε
1083 496 1216 536 scribi
1244 497 1403 536 diserte

84 551 296 594 monetur
319 553 366 593 in
390 553 548 594 nostris
576 554 828 606 Excerptis:
864 551 926 591 sic
953 565 1060 591 vero
1091 551 1226 591 etiam
1254 559 1405 592 noster

83 610 142 650 Ε
198 610 228 649 l.
249 622 288 659 4.
303 609 445 650 ’‘Aeo—x
469 608 536 662 τε)
562 609 718 661 steph.
740 611 940 665 Byzant.
955 606 1002 646 in
1019 620 1143 647 voce.
1160 629 1214 639 -·
1235 606 1347 648 Ἀσσοέ
1369 624 1404 646 τε

83 671 214 705 acute
234 665 300 704 ed.
323 666 471 705 Wess.
503 678 603 703 cum
627 665 864 716 praecedd.
891 663 1070 702 Rectius
1094 671 1311 716 penacute
1334 664 1404 701 ed.

84 717 265 776 Schacf.
287 727 337 759 ut
360 721 482 771 apud
503 719 657 771 steph.
676 721 792 776 Byz.
824 722 877 758 Et
899 718 961 758 sic
983 720 1038 758 F.
1068 727 1109 758 et
1130 720 1219 759 Pa.
1239 719 1277 759 b.
1301 732 1340 758 c.
1360 718 1402 757 d.

13 766 16 815 ἰ
84 775 155 816 Jb.
174 775 350 827 Πίλωρος)
371 774 659 825 ntzmQAsk.
681 790 764 815 nec
787 774 1014 814 dissimilis
1031 774 1403 827 Med.s01=iptura.

83 835 233 881 Πίλωρας
263 829 412 870 Arch.
439 827 565 870 Brit.
602 830 760 871 Valla.
797 829 977 884 [nescio
1009 843 1067 869 an
1099 830 1404 871 consentiente

12 896 15 911 ³
84 886 203 935 Pd.]
222 887 364 925 Antea
392 885 547 936 Πίὲωρες.
567 910 622 917 -—
639 886 711 926 Sic
739 885 827 926 Pa.
851 885 940 927 Pb.
954 886 1037 926 Pe.
1058 884 1165 925 item
1187 887 1311 927 Med.
1326 886 1404 926 sed

11 949 16 975 τ
81 940 130 980 in
147 942 233 980 hoc
251 940 492 994 (referente
516 941 686 994 Gron.)
704 956 839 995 super
855 940 1158 981 &interlineas
1176 942 1337 994 scripta
1354 941 1405 982 li-

83 1003 177 1037 tera
198 1009 233 1035 λ.
269 996 416 1046 Πιδωρδς
438 1004 566 1036 acute
585 998 642 1037 F·
707 999 736 1036 l.
766 1001 801 1037 5.
830 997 947 1047 Edfrn
977 997 1099 1037 Med.
1130 998 1266 1037 Pass.
1290 999 1406 1039 Ask.

9 1057 13 1066 “
82 1051 169 1106 [F.
188 1058 298 1103 puto
323 1058 364 1091 et
381 1053 467 1092 Pb.
479 1052 602 1102 Pd.]
626 1051 751 1094 Aliis
766 1053 964 1103 Edfynoe-
995 1051 1066 1091 Sic
1083 1051 1172 1092 Pa.
1186 1053 1274 1103 Pe.
1330 1053 1404 1092 lb.

8 1125 13 1162 j
84 1109 126 1153 ὥς
143 1105 232 1159 καὶ)
257 1106 402 1147 Abest
423 1113 482 1147 xx)
501 1109 557 1148 R
615 1109 645 1147 l.
667 1111 705 1148 6.
737 1110 975 1153 α’πιέμενος
990 1108 1116 1148 Med.
1140 1108 1405 1149 Pas-§.Ask-

83 1163 230 1203 Ceteri
257 1162 475 1207 ἀπικόμενος.
502 1187 557 1196 —-
594 1165 694 1204 Hoc
725 1178 777 1203 ex
800 1176 893 1203 uno
921 1169 1074 1203 nostro
1106 1164 1194 1204 Pd.
1223 1163 1403 1214 citatur3

6 1260 8 1266 ,
81 1220 203 1259 unde
227 1217 393 1273 colligo
421 1218 467 1257 in
494 1220 671 1264 α’πιέμενις
696 1217 947 1259 consentire
962 1219 1148 1260 Pa.Pb.
1165 1220 1250 1260 Pe.
1278 1221 1404 1260 InF.

41 1289 49 1296 ·
80 1276 125 1314 h.
152 1276 181 1313 1.
210 1273 356 1313 hiatus
382 1282 468 1313 est:
498 1281 661 1313 temere
691 1275 833 1318 enim,
862 1272 969 1312 inde
1000 1276 1055 1313 al)
1082 1275 1182 1314 ἔπλεε
1209 1276 1402 1321 οἷπιέμενος.

80 1331 235 1370 decem
259 1330 392 1368 verba
410 1329 706 1381 praetermisit
724 1329 882 1371 scriba.
934 1329 965 1368 l.
987 1332 1026 1369 8.
1050 1329 1265 1382 Τορωναίην)
1291 1339 1404 1381 Κορω-

80 1390 169 1426 mim
185 1385 298 1425 Ask.
315 1386 450 1425 Pass.
468 1399 719 1438 perperam.
737 1409 785 1415 —
817 1384 889 1425 Sic
909 1390 952 1424 et
966 1386 1022 1425 F.
1039 1384 1125 1424 Pb.
1159 1387 1246 1425 Sed
1264 1385 1404 1426 iidem

80 1454 188 1481 mox
215 1448 332 1480 recte
358 1441 504 1490 Τορώνην
528 1455 629 1480 cum
657 1441 770 1481 aliis.
849 1442 878 1480 l.
906 1455 943 1492 9.
979 1440 1224 1491 παρελσῖμθιινε
1253 1441 1402 1482 Arch.

79 1496 194 1538 Ask.
213 1497 351 1537 Pass.
387 1493 533 1536 Vincl.
570 1494 789 1550 [F.Pd.]
821 1496 887 1536 uti
915 1509 1047 1536 mox:
1082 1509 1175 1535 non
1206 1501 1403 1550 παρέλαβε,

83 1554 315 1604 quomodo
346 1551 472 1591 olim.
495 1572 548 1579 -—-
582 1556 756 1603 παρέλαβε
780 1553 869 1594 Ρα.
896 1551 983 1593 Pb.
1007 1552 1093 1592 Pe.
1126 1551 1239 1591 sicut
1265 1555 1404 1605 paulo

82 1614 198 1648 ante.
256 1609 286 1647 l.
304 1622 362 1647 10.
378 1605 621 1659 Μηκύβερναν)
633 1609 843 1660 Μκκύρεννειν
855 1607 1002 1649 ΑῙὌΙΙ.
1021 1608 1240 1650 Μηκύβενναν
1257 1607 1405 1648 Vind-

85 1664 115 1703 l.
143 1678 160 1702 l
173 1679 207 1703 ι.
226 1663 394 1711 Σιθωνίκ)
423 1666 550 1705 Σιθσνίκ
565 1664 621 1702 F.
1365 1693 1369 1695 -

139 1718 285 1761 CAP·
311 1717 546 1759 CXXIII.
566 1719 674 1758 Lin-
692 1732 729 1758 2.
747 1716 973 1770 συντέμνων)
998 1719 1190 1764 {urrist-mv
1203 1719 1259 1759 F.
1320 1720 1347 1758 l.
1365 1723 1404 1762 3.

80 1779 312 1825 Καναστρειῖον
342 1773 491 1813 ΑΙὍῘῖ.
518 1773 654 1826 [puto
683 1783 725 1814 et
753 1774 874 1823 Pd.]
900 1776 1044 1813 Antea
1075 1779 1322 1825 vaxcrfoet'm.
1349 1797 1404 1806 —

78 1829 150 1870 Sic
163 1831 219 1870 F.
237 1831 325 1870 Pa.
344 1829 381 1868 b.
395 1843 432 1869 c.
453 1843 554 1868 cum
570 1830 687 1880 aliis,
712 1831 836 1882 quod
855 1827 1082 1870 revocavit
1101 1827 1405 1887 Schaejfkrus,

77 1898 172 1925 non
195 1885 553 1925 animadvertens
585 1895 693 1937 puto
724 1899 977 1938 pronomen
1012 1886 1079 1931 τέ,
1111 1887 1235 1935 quod
1261 1885 1406 1926 conti-

54 1953 172 1985 xnuo
201 1940 423 1992 sequitur²
458 1939 505 1979 in
540 1949 698 1981 neutro
728 1955 892 1996 genere
918 1940 1129 1993 positum.
1171 1942 1405 1992 Κανοέα-τροιιον

78 2003 401 2050 antepenacute
433 1995 643 2037 scribitur
667 1998 786 2050 apud
806 1998 991 2052 Scylac.
1014 2010 1058 2048 p.
1079 1998 1146 2035 62.
1170 1997 1238 2036 ed.
1257 1997 1406 2038 Gron.

82 2054 113 2092 l.
132 2054 169 2092 5.
185 2050 375 2103 Ἀφύτιος)
397 2052 578 2098 ’Aetia-105
594 2053 742 2094 Arch.
767 2050 912 2092 Vind.
933 2052 1001 2092 uti
1023 2051 1134 2091 olim
1156 2054 1277 2104 apud
1292 2054 1406 2110 Scy-

79 2110 169 2149 lae.
200 2106 258 2161 [l.
286 2106 348 2161 c.]
380 2107 663 2164 Amphyszie
687 2110 841 2158 Valla3
872 2110 987 2148 male
1017 2121 1185 2148 omnes.
1211 2133 1266 2140 —
1300 2110 1408 2149 Vul-

79 2171 233 2220 gatum
263 2163 486 2203 tenentE
519 2173 561 2203 ct
587 2162 748 2205 Paris.
778 2178 878 2204 cum
911 2163 1021 2204 aliis.
1096 2164 1124 2202 l.
1153 2170 1190 2205 8.
1224 2167 1369 2215 Φλέγρην

84 2223 239 2266 Φλέγγκν
262 2217 348 2257 Pb.
405 2220 433 2257 l.
455 2233 515 2257 ιι.
538 2224 584 2270 rs?
601 2223 766 2270 Παλλήνῃ
785 2219 951 2259 omittit
967 2218 1114 2262 Arell-
1173 2221 1203 2259 l.
1223 2223 1284 2261 13.
1301 2221 1408 2264 Κώμ-

83 2273 209 2327 βρεια)
238 2278 407 2323 ΚωμΕξίκ
422 2274 478 2313 F.
509 2276 704 2326 Κώμβμια
734 2277 803 2316 ed.
830 2276 979 2317 Borll.
1009 2288 1108 2314 casu
1142 2282 1278 2327 puto,
1312 2287 1405 2313 non

85 2328 270 2370 editoris
288 2328 492 2369 consilio.
528 2329 649 2370 Ibid.
663 2331 788 2385 Alo-ou)
803 2336 905 2372 Λιταῖ
919 2333 1008 2373 Pa.
1022 2331 1207 2373 Papd.
1243 2330 1363 2372 Ead.
1377 2331 1406 2370 l.

85 2384 255 2436 Γίγωνος)
281 2388 423 2430 Γιγῶνος
436 2385 524 2426 Pb.
582 2383 703 2426 Jbid.
725 2385 866 2439 Αἴνεια)
887 2391 984 2427 Αἰνίοι
997 2385 1111 2428 Ask·
1130 2411 1185 2417 —
1210 2386 1283 2426 Nil
1306 2400 1406 2429 mu-

82 2448 178 2482 tant
198 2440 338 2481 nostri
356 2439 473 2480 libri.
536 2442 564 2480 l.
588 2455 651 2491 14.
666 2446 804 2482 τουτέων
822 2442 868 2481 in
887 2442 1023 2482 soem.
1043 2448 1297 2482 constanter
1313 2449 1407 2481 tue-

82 2504 154 2538 tur
170 2497 225 2538 F.
258 2495 331 2537 Sic
360 2504 400 2536 el
427 2510 520 2550 cap.
547 2509 644 2550 124,
664 2510 700 2538 2.
771 2497 895 2537 Ibid.
917 2495 1118 2550 Κξσσσκίκ)
1148 2502 1298 2549 Κρκσαίκ
1318 2497 1403 2539 Pb.
