1752 3042
342 227 433 260 112
543 209 956 263 VARIETAS
995 208 1446 261 LECTIONIS

338 324 473 367 huius
495 324 711 378 scriptura
728 326 1025 365 consulendus
1039 323 1302 366 Creuzerus
1321 323 1369 365 in
1386 325 1648 367 Historicor.

339 381 489 433 Antiq.
516 383 685 435 Fragm.
706 394 749 432 p.
780 383 868 429 146.
891 388 933 420 et
953 394 1087 431 quem
1111 380 1148 419 is
1176 380 1374 420 laudavit
1397 382 1564 438 Heyne
1588 384 1645 421 ad

341 436 458 476 Iliad
475 437 523 478 β’.
540 438 632 485 864.
687 435 805 474 Ead-
826 434 854 473 l.
885 448 922 474 2.
952 435 1149 484 ἐκκλεῧντο)
1177 438 1394 476 ἐπεκαλεῦντο
1413 436 1464 475 F.
1520 434 1646 477 Ibid-

341 492 390 531 τδ
416 491 530 531 mim
546 489 692 530 Areh.
713 487 857 529 Vind.
882 498 925 530 et
942 504 1085 541 saepe.
1114 488 1242 529 Conf.
1260 491 1337 530 IV.
1353 493 1443 529 180.
1469 497 1510 530 et
1531 491 1646 532 {nfra

343 559 380 587 c.
403 559 492 595 142.
520 546 658 585 Antea
678 545 718 583 το“
746 543 900 583 defuit.
931 571 986 577 -
1026 545 1231 585 DeestF.
1250 546 1338 585 Pa.
1364 546 1450 586 Pb.
1486 546 1646 586 Nescio

343 615 399 640 an
429 602 600 655 legatur
627 600 673 638 in
692 598 776 638 Pc.
794 599 883 639 Pd.
940 602 968 640 l.
995 614 1032 642 2.
1059 599 1196 652 Λυδοῦ)
1228 600 1388 651 Λύὸου,
1420 601 1499 641 tali
1522 608 1645 653 tono,

341 655 563 697 Eustath.
590 656 647 694 ad
677 652 805 692 Iliad.
835 668 879 706 p.
900 658 1003 708 365,
1024 660 1089 703 3⁴·
1118 653 1185 707 [p.
1212 657 1314 705 476,
1335 667 1403 707 49.
1429 658 1499 696 ed.
1520 659 1647 705 Bas.]

343 712 453 751 haec
473 722 724 761 excerpens-
790 709 819 747 l.
848 710 884 748 5.
911 708 1082 761 σμικροὲς)
1106 711 1228 761 μικροὶς
1251 710 1307 749 F.
1374 711 1405 750 l.
1427 716 1466 753 6.
1488 710 1529 751 δέ
1555 710 1649 763 εἷο-ι)
1720 724 1722 726 ’

345 769 419 810 μέν
459 767 518 804 εἷο-ι
551 766 607 805 F'.
689 764 718 802 l.
752 776 791 812 7.
825 765 1088 816 Οὗλυμπικνοὶ)
1134 766 1293 808 'omma
1318 764 1466 806 Arest.
1501 764 1649 806 Vind-

346 821 376 859 l.
404 823 442 860 8.
464 820 677 869 Ἀρταφέρνης
700 815 815 869 etc.)
847 819 1062 869 Ἀρταφρένης
1088 821 1107 860 o‘
1130 821 1357 870 Ἀρταφρένεος
1382 819 1521 862 Vind·
1535 822 1649 863 Ask-

347 899 402 906 —
429 881 470 913 et
487 874 541 913 F.
571 879 834 913 constanter.

404 928 548 970 CAP.
564 928 769 969 LXXV.
791 924 898 968 Lin.
918 932 953 968 5.
975 930 1088 976 νεβρῶν
1102 927 1225 969 Med.
1236 929 1371 970 Pass.
1383 928 1653 972 Ask.Arch.

358 982 500 1025 Vind.
527 984 684 1023 Valla.
711 981 786 1036 [F.
805 980 985 1030 Paris-J
1018 981 1144 1023 Prius
1171 987 1296 1033 νευρῶν.
1364 987 1394 1025 l.
1420 988 1458 1028 6.
1493 985 1655 1039 σμικροὶ)

347 1039 454 1089 μικροὶ
472 1040 528 1079 F.
540 1040 627 1080 Pa.
683 1039 714 1077 l.
736 1039 774 1076 6.
796 1034 883 1077 οὗτοι
904 1037 934 1076 δὲ
959 1035 1133 1097 δικβοίντες
1153 1042 1211 1082 μὲν
1230 1039 1348 1092 ele.)
1366 1041 1521 1094 Steph.
1535 1042 1652 1098 Byz-

349 1094 397 1133 in
418 1098 600 1146 Στρυμών,
629 1098 671 1133 et
683 1093 902 1132 Euscath.
922 1091 969 1130 in
985 1092 1188 1148 Dzonys.
1207 1105 1269 1132 vs.
1288 1099 1381 1145 793.
1394 1110 1512 1149 seqq.
1531 1111 1654 1136 usur.

350 1157 526 1201 parunt.
552 1171 606 1179 -—
633 1154 692 1191 μὲν
727 1149 850 1187 abest
875 1148 932 1187 F·
1004 1146 1032 1187 ἶ.
1058 1149 1095 1186 8.
1123 1148 1353 1202 Στρυμόνιοι)
1384 1152 1587 1201 Στρυμώνιοι
1609 1157 1653 1192 et

349 1217 456 1243 mOX
483 1207 656 1253 Στρυμῶνι
678 1202 765 1243 Pb.
833 1203 862 1243 l.
895 1216 956 1241 10.
986 1203 1169 1247 Βκσσοίκης
1200 1203 1324 1242 Med.
1344 1204 1491 1246 Arch.
1515 1207 1653 1247 Pass-

350 1258 467 1300 Ask·
488 1259 697 1303 Βαγοισοίκκς
720 1257 767 1298 in
800 1256 968 1298 ceteris.
993 1280 1047 1287 -—
1074 1257 1147 1297 Sic
1173 1255 1259 1297 Pd.
1303 1261 1537 1306 Βριγασῃ-οέκης
1563 1262 1653 1302 Pa,

350 1315 438 1356 PC·
467 1314 626 1358 Bmoe'mss
649 1313 705 1352 F.

409 1369 555 1410 CAP.
581 1367 815 1408 LXXVI.
845 1364 954 1406 [λη.
987 1381 1022 1406 1.
1053 1395 1064 1405 .
1084 1398 1094 1407 .
1117 1395 1128 1405 .
1150 1394 1161 1404 .
1190 1367 1366 1419 ἀσπίδας)
1396 1370 1556 1411 Notam
1587 1371 1656 1412 la-

352 1438 524 1470 cunae,
557 1425 613 1462 de
646 1436 733 1472 qua
767 1425 916 1463 W'ess.
951 1428 1213 1473 monuerat,
1245 1422 1417 1475 primus
1447 1426 1657 1479 adposuit

351 1477 533 1535 Schaef
560 1481 612 1518 In
633 1479 688 1518 F.
708 1483 750 1517 et
774 1477 871 1518 aliis
893 1476 1032 1517 msstis
1056 1477 1269 1518 continuo
1293 1485 1449 1519 tenore
1465 1481 1529 1522 sic
1549 1481 1657 1521 scri·
1728 1499 1731 1501 ·

354 1535 475 1574 bitur
499 1534 717 1584 Ἀρταβάνου.
747 1532 895 1577 σι’σπίὸας
914 1531 945 1572 δὲ
971 1538 1050 1571 etc·
1109 1530 1230 1572 Ibid-
1259 1535 1441 1578 ὠμοβοΐνας
1467 1537 1555 1585 εἶχον
1579 1555 1657 1582 σμι-

353 1589 464 1642 κροὲς)
492 1589 686 1634 ὦμοΒοῗνους
716 1595 757 1628 et
781 1588 925 1637 σμικράς
951 1586 1097 1627 Arell.
1125 1589 1260 1629 PaSS.
1290 1602 1402 1639 quos
1424 1592 1577 1632 laudo.
1603 1613 1659 1624 —·
1698 1620 1701 1621 ν

354 1646 408 1684 Et
427 1645 583 1695 σμικροὶς,
608 1656 690 1695 pro
709 1642 817 1683 olim
837 1644 1021 1696 vulgato
1039 1643 1180 1693 μικροὶς,
1197 1643 1361 1703 recepit
1385 1647 1534 1687 Wess.
1550 1661 1658 1687 con-

352 1699 567 1739 sentiente
583 1700 625 1737 h.
641 1700 670 1738 l.
691 1698 822 1738 etiam
837 1698 892 1737 F.
913 1697 1061 1737 nescio
1087 1711 1142 1737 an
1155 1699 1315 1739 Par-cs.
1347 1700 1531 1747 ὠμοβοΐνας
1549 1715 1657 1743 vero
1727 1707 1733 1723 ³

353 1754 494 1794 tenuit
515 1755 782 1806 prudenter;
808 1767 908 1792 nam
934 1752 1173 1805 adiectiva‚
1201 1768 1313 1804 quae
1341 1757 1462 1807 apud
1486 1757 1659 1798 Atticos

352 1809 527 1866 generis
548 1809 797 1848 communis
817 1814 940 1860 sunt,
956 1810 1075 1860 apud
1094 1808 1229 1848 Iones
1247 1817 1296 1849 ut
1313 1810 1559 1862 plurimum
1576 1827 1659 1866 per
1724 1825 1727 1830 ·

356 1867 438 1906 tria
473 1878 635 1920 genera
670 1871 933 1912 moventur3
972 1878 1210 1914 rursusque
1249 1866 1432 1912 ὠμοβοΐνας
1467 1868 1660 1907 occurrit
1718 1860 1722 1863 ’

356 1935 392 1961 c.
417 1934 490 1973 79,
513 1934 551 1970 4.
583 1918 832 1971 Utrobique
863 1931 970 1958 vero
990 1921 1170 1966 ὠ,αο,6οείοις
1187 1920 1320 1959 habet
1338 1921 1424 1961 Pb.
1482 1923 1511 1961 l.
1535 1934 1572 1962 2.
1597 1927 1657 1963 καὶ

354 1974 564 2026 προβόλους)
594 1975 728 2014 Abest
754 1979 811 2014 καὶ
834 1973 918 2012 Pb.
975 1971 1096 2013 Ibid-
1117 1974 1405 2028 λυκοεργέας)
1423 1975 1496 2016 Sic
1522 1976 1660 2018 Vind.

354 2031 464 2071 Αἶά.
485 2030 781 2082 Har-poerac.
808 2037 851 2069 et
871 2025 1001 2069 Suid.
1029 2028 1076 2068 in
1099 2042 1222 2069 voce.
1254 2029 1365 2070 Vide
1383 2031 1555 2073 Athen.
1580 2033 1661 2073 lib.

355 2086 433 2126 XI.
453 2100 495 2138 p.
512 2088 602 2134 486.
624 2087 737 2137 [cap.
754 2097 818 2135 72.
841 2091 1019 2124 nostrae
1039 2084 1141 2124 edit.
1171 2087 1347 2137 Nempe
1359 2085 1422 2125 sic
1439 2086 1485 2125 in
1502 2089 1661 2130 Hero-

356 2142 469 2181 doto
503 2153 583 2180 suo
612 2141 779 2193 legerat
800 2139 1093 2180 Athenaeus.
1121 2153 1173 2178 ex
1198 2153 1287 2190 quo
1315 2154 1393 2180 sua
1419 2144 1661 2184 hauserunt

354 2196 598 2248 Harpoer.
614 2203 654 2234 et
669 2192 865 2240 Suidas,
881 2202 1013 2246 atque
1030 2192 1235 2234 Photius
1257 2194 1304 2233 in
1325 2195 1483 2237 lexico.
1506 2199 1662 2250 Itaque

355 2250 663 2303 recipiendum
688 2253 772 2289 hoc
791 2249 1011 2299 iudicavi,
1029 2249 1131 2288 licet
1157 2264 1246 2288 uon
1265 2249 1350 2290 nisi
1377 2266 1429 2291 ex
1449 2266 1540 2293 uno
1562 2255 1662 2294 cod.

356 2305 445 2347 Pd.
465 2313 689 2345 enotatum
712 2304 947 2344 exhibeant
970 2312 1114 2344 nostra
1134 2310 1372 2358 excerpta]
1393 2312 1662 2358 λυκιοεργέας

358 2361 501 2400 Arch.
520 2360 640 2401 Edd.
662 2363 907 2410 Λυκεργέοις
933 2360 1055 2400 Med.
1074 2359 1209 2400 Pass.
1229 2361 1342 2401 Ask.
1362 2386 1415 2394 --
1442 2368 1483 2402 et
1498 2365 1557 2404 F.
1583 2378 1661 2404 ne-

355 2415 447 2456 scio
469 2430 525 2456 an
548 2423 589 2455 et
605 2416 693 2456 Pa.
708 2415 793 2455 Pe.
814 2414 899 2455 Pb.
927 2415 999 2454 Sic
1015 2428 1119 2454 vero
1136 2416 1202 2455 ed.
1227 2418 1376 2456 Wess.
1397 2431 1496 2457 cum
1514 2419 1662 2460 Gron.

354 2474 561 2523 λυκιοεργέας
587 2484 639 2511 ex
659 2469 805 2511 Aroh.
830 2470 996 2523 recepit
1021 2470 1199 2528 Schaes.
1224 2478 1267 2512 et
1291 2471 1355 2514 sic
1381 2475 1501 2527 apud
1520 2476 1663 2515 Hero-
