1752 3042
277 275 374 324 302
445 273 885 323 HERODOTI
930 273 1246 322 HISTOR.
1284 275 1425 326 VII.

274 383 476 456 θοίναμαι
507 381 877 453 κατεργασαο-θαι
916 384 1142 446 Τηλίνην
1129 407 1249 452 εργον
1282 391 1484 438 τοσουτον·
1534 407 1596 438 τα

276 486 461 516 τοιαυτα
483 460 576 530 γαρ
596 457 710 531 ἔργα
732 467 778 515 ου’
799 459 903 530 πρδς
919 467 994 514 τοῦ
1016 456 1212 520 εἴπαντος
1235 460 1377 530 αἶνδρὸς
1398 459 1596 533 νενόμικα

276 545 493 607 γίνεσθαι,
520 537 656 592 α’λλοὶ
683 537 785 607 πρδς
808 540 963 605 ψυχης
988 561 1032 591 τε
1058 544 1232 605 α’γαθης
1259 562 1338 590 και
1363 536 1503 611 ῥωμης
1525 544 1596 593 αἶν-

276 615 422 686 ὃρηϊης
461 644 478 670 o
504 615 549 668 δε
574 613 764 681 λέγεται
786 613 888 683 πρδς
915 640 991 678 της
1020 617 1228 677 Σικελίης
1249 640 1329 668 των
1360 613 1594 684 οἱκητορων,
1614 634 1667 664 20
1749 620 1752 693 Q

278 693 338 748 τοὲ
360 699 586 747 υπεναντιά
600 716 795 749 τουτεων,
821 691 1067 756 πεφυκέναι
1086 695 1321 763 θηλυδρίης
1342 717 1387 746 τε
1407 717 1486 746 και
1503 716 1598 764 μα-

278 769 519 838 λακωτερος
547 768 658 839 οἰνηρ.
709 764 814 822 οὕτω
846 767 927 839 μέν
957 796 1020 824 νυν
1050 769 1257 834 ἐκτησατο
1285 798 1405 825 τουτο
1436 770 1486 825 τὲ
1517 796 1598 838 ’γε-

169 858 262 919 154
280 872 369 917 ρας.
425 845 668 916 Κλεάνδρου
702 845 750 899 δὲ
784 873 855 900 του
890 845 1143 915 Παντάρεος
1175 847 1497 911 τελευτησαντος
1531 848 1598 902 τδν

279 929 394 988 βίων
433 918 476 984 35
509 923 772 993 ε’τυροίννευσε
804 922 885 993 μέν
920 922 986 979 Γ
965 940 1064 988 ελης
1096 925 1214 980 ema*
1247 950 1371 983 ετεα,
1411 923 1597 980 οἱπεθανε

279 1001 325 1055 δε
351 1000 437 1055 υπὸ
468 1001 734 1063 Σαβύλλου
764 1000 910 1069 α’νδρδς
935 1004 978 1056 Γ
979 999 1139 1059 ελωου
1171 1007 1357 1056 ε’νθαυτα
1385 1008 1598 1071 αναλαμ-

278 1076 402 1140 βανει
423 1104 491 1140 την
504 1084 756 1149 μουναρχίην
779 1076 1089 1147 Ιπποκρατης,
1109 1079 1393 1148 Κλεανὸρου’
1371 1105 1446 1134 εων
1465 1082 1598 1133 αδελ-

279 1152 398 1219 φεος.
435 1179 602 1220 εχοντος
623 1153 669 1207 δε
689 1153 994 1224 Ιπποκρατεος
1012 1181 1079 1218 την
1099 1159 1339 1225 τυραννίδα,
1371 1183 1390 1209 ο
1416 1152 1593 1212 Γελων,
1643 1163 1667 1201 5

279 1231 350 1287 ε’ων
373 1235 562 1293 Τηλίνεω
581 1258 652 1285 του
682 1229 913 1300 ιροφαντεω
937 1230 1172 1299 α’πᾶγονος,
1196 1239 1376 1286 πολλῶν
1394 1239 1488 1303 μετ’
1510 1228 1598 1285 αλ-

276 1325 364 1363 λων
388 1318 467 1362 καῖ
483 1306 757 1379 Αἰνησιδήμου
781 1349 793 1365 ,
813 1316 888 1362 τοῦ
906 1312 1151 1364 Hammo&
1163 1350 1175 1367 ‚
1201 1309 1245 1373 ἢν
1261 1307 1483 1379 ὃορυφᾶρος
1504 1312 1597 1363 Ἱπ-

277 1386 522 1456 ποκράτεος
568 1386 686 1458 μετοὶ
714 1386 760 1441 δὲ
792 1393 838 1440 ου’
864 1387 1033 1442 πολλδν
1067 1387 1205 1458 χρᾶνον
1236 1390 1286 1441 δι’
1311 1386 1452 1457 οἰρετην
1488 1394 1597 1442 αἰπε-

276 1463 407 1531 ὃέχθη
437 1462 587 1528 ποία-ης
614 1470 688 1527 τῆς
716 1466 850 1518 ’ίππου
879 1465 979 1518 εἶναι
1004 1468 1242 1534 ἵππαρχος.
1291 1463 1597 1534 πολιορκέοντος

276 1627 374 1654 rem
410 1618 573 1653 tantam
609 1626 635 1653 a
661 1613 818 1653 Teline
856 1625 948 1652 esse
977 1611 1245 1665 perfectam,
1290 1612 1339 1652 id
1372 1625 1426 1653 eo
1456 1612 1598 1666 magis

279 1680 413 1721 etiam
437 1679 600 1732 miror,
627 1680 773 1731 quod,
804 1693 945 1730 quum
974 1678 1078 1718 talia
1107 1692 1200 1718 non
1230 1692 1255 1718 a
1285 1678 1490 1730 quolibet
1515 1680 1596 1718 ho·-

277 1746 401 1787 mine
444 1745 611 1799 patrari
650 1758 780 1798 posse
811 1743 1185 1797 existimaverim,
1228 1745 1305 1784 sed
1346 1745 1401 1784 ab
1442 1744 1596 1784 animo

277 1813 386 1854 forti
411 1819 453 1853 et
478 1812 603 1853 virili
629 1813 791 1852 robore
819 1812 981 1852 debere
1007 1810 1253 1863 proficisci,
1281 1810 1354 1851 hic
1379 1825 1403 1850 e
1423 1817 1598 1851 contra-

278 1880 349 1920 rio
369 1879 632 1934 perhibetur
653 1892 677 1918 a
696 1877 872 1918 Siciliae
895 1877 1056 1918 incolis
1083 1874 1392 1918 effoeminatus
1418 1885 1461 1918 et
1483 1880 1598 1918 mol-

278 1945 334 1986 lis
361 1947 606 1986 admodum
634 1946 774 1984 homo
801 1943 952 1984 fuisse.
982 1945 1037 1983 At
1062 1943 1100 1984 is
1128 1943 1313 1995 quidem
1344 1943 1405 1983 ita
1433 1956 1598 1984 munus

277 2014 365 2052 hoc
397 2012 664 2052 obtinuerat.
740 2008 900 2064 (154.)
930 2011 1112 2050 Mortuo
1132 2011 1375 2063 Cleandro,
1398 2011 1597 2051 Pantaris

277 2079 396 2132 filio,
426 2079 528 2132 qui,
563 2085 802 2131 postquam
826 2083 996 2130 septem
1019 2077 1149 2117 annis
1176 2078 1315 2117 Gelae
1348 2077 1492 2117 fuerat
1524 2085 1596 2130 ty-

278 2161 463 2199 rannus,
488 2160 512 2186 a
532 2147 717 2197 Sahyllo
738 2145 835 2184 cive
863 2146 1005 2184 Geloo
1028 2151 1091 2184 est
1110 2143 1390 2194 intersectus3
1413 2144 1477 2184 ibi
1500 2152 1595 2184 tum

276 2211 631 2268 Hippocrates,
658 2212 868 2252 Cleandri
884 2211 1040 2257 frater,
1065 2211 1371 2251 monarchiam
1389 2212 1594 2265 suscepit.

277 2283 380 2336 Quo
406 2287 619 2335 regnante
641 2280 814 2325 Gelon,
842 2292 958 2318 unus
981 2292 1004 2318 e
1035 2278 1224 2331 posteris
1249 2278 1419 2318 Telinis
1447 2278 1595 2319 hiero-

279 2349 501 2402 phantae,
519 2361 620 2386 cum
644 2345 744 2385 aliis
765 2344 936 2389 multis,
962 2351 1004 2384 et
1023 2345 1070 2383 in
1093 2345 1162 2384 his
1183 2358 1283 2384 cum
1299 2345 1593 2386 Aenesidemo

280 2413 446 2454 Pataici
474 2412 595 2466 filio,
633 2419 777 2452 custos
813 2410 1014 2463 corporis
1053 2411 1139 2451 fuit
1170 2412 1484 2464 Hippocratis:
1513 2426 1595 2452 nec

280 2494 387 2521 vero
407 2482 549 2520 multo
565 2486 665 2533 post
687 2480 745 2519 ob
761 2477 970 2517 virtutem
989 2477 1237 2530 praefectus
1256 2477 1454 2518 universi
1473 2477 1596 2530 equi-

280 2554 397 2588 tatus
421 2547 676 2587 nominatus
709 2552 781 2586 est.
828 2546 941 2585 Nam
970 2559 1110 2596 quum
1133 2544 1413 2598 Callipolitas
1436 2552 1478 2584 et
1508 2546 1593 2584 Na-
