1752 3042
312 228 396 275 IN
433 224 862 275 HERODOTI
898 226 1044 274 LIB.
1078 226 1218 277 VII.
1338 227 1440 275 123

115 342 336 382 adnotata.
365 344 618 389 Caeterum,
645 348 880 393 utramque
903 341 1094 393 probam
1125 353 1216 380 esse
1241 339 1429 392 scriptu·

115 411 234 450 ram,
259 412 398 449 quum
414 397 588 450 saepius
610 397 718 436 alibi
737 397 784 435 in
801 395 1109 448 superioribus
1129 395 1307 445 monui,
1334 402 1431 435 tum

115 451 163 493 in
175 454 277 492 Var.
291 455 406 491 Lect.
422 454 491 492 ad.
513 455 548 492 I.
568 455 661 502 138,
684 456 744 491 13.
804 452 833 490 l.
852 465 889 501 7.
908 451 968 493 τήν
986 449 1060 504 τε)
1079 451 1212 489 Abest
1232 450 1428 491 τεΑνοΙι.

126 505 339 548 Vind.-—
357 515 399 548 et
413 509 598 550 Pa.Pc·.
626 509 766 547 Tenet
785 507 841 546 Ε
861 520 961 545 cum
981 507 1036 545 al.
1094 503 1214 545 Ibid.
1231 505 1427 547 δεσποσύνην

116 562 224 602 hinc
242 563 413 603 notavit
433 564 601 604 Glossa
619 563 728 602 San·
748 562 967 601 German.
1035 561 1062 600 l.
1088 563 1126 601 8.
1150 561 1284 605 πάντας
1298 560 1428 602 Ἕλλη·

118 620 203 663 ναςΧ
228 619 363 663 πάντας
390 619 669 664 τοῦςἽΞλλκνικς
688 617 835 658 ΛΙὌῘΙ.
861 616 1007 657 Vind.
1037 638 1088 647 -—
1119 629 1232 668 quos
1252 622 1427 656 secutus

117 679 179 713 est
199 671 379 730 Schaefl
408 673 626 724 Equidem
650 672 697 712 in
721 672 862 712 Attico
884 672 1099 726 scriptore
1122 671 1426 712 adiiciendum

115 728 354 768 articulum
369 727 502 769 fuisse
520 728 763 778 adsentior,
782 728 829 768 in
848 727 1115 768 Ioniconon
1128 726 1425 767 necessarium

113 783 295 836 putavi,-
325 790 366 823 et
390 783 598 838 ignorant
624 798 727 823 eum
758 783 922 835 reliqui
957 783 1076 823 libri.
1148 783 1178 822 l.
1203 800 1243 837 9.
1277 780 1426 833 κείνους)

115 842 247 884 ἔκείνςυς
276 840 333 880 F.
402 840 432 878 l.
467 852 529 879 12.
565 842 641 884 σούς
669 839 778 880 Ald.
808 839 955 880 Arch.
985 838 1097 879 Asb·
1133 839 1269 880 Pass.
1301 837 1425 878 Med.

121 892 267 935 Vind.
296 893 378 947 [F.
408 893 569 943 Pass.]
603 898 664 935 σεῦ
689 896 923 950 vulgatum
955 908 1009 934 ex
1036 907 1201 934 errore.
1230 893 1329 941 [Sic
1355 894 1424 932 ed.

111 949 266 1002 Steph.
294 957 335 988 et
355 949 598 1001 sequaces.]
626 950 769 989 Porro
795 951 946 998 δέξωνται
967 950 1092 990 Med.
1112 951 1238 989 nulla
1260 950 1424 988 caussa.

112 1027 166 1036 -—
193 1005 336 1050 ὃέξςντκι
369 1012 520 1045 tenent
547 1004 624 1044 alii
658 1019 826 1045 omnes.
899 1006 929 1044 l.
960 1010 1020 1048 13.
1051 1002 1147 1050 αὖτις
1169 1003 1232 1058 δὲ)
1264 1002 1361 1050 αὖτις
1388 1021 1424 1044 τε

111 1059 198 1101 Pb,
256 1060 284 1098 l.
305 1071 353 1110 14
372 1076 459 1114 seq.
483 1063 623 1111 ἀριθμοῦ
646 1060 677 1100 δὲ
697 1061 818 1115 πέρι)
841 1060 913 1101 Sic
938 1068 1121 1101 accentu
1143 1067 1328 1100 retracto
1350 1062 1423 1106 πέρι

111 1111 301 1154 efferunt
334 1116 402 1156 ed.
436 1118 585 1156 Wess.
627 1122 668 1155 et
691 1116 804 1156 aliae
839 1131 940 1157 cum
968 1114 1142 1157 msstis.
1177 1121 1248 1167 περὶ
1282 1114 1425 1154 edidit

108 1169 289 1225 Schaesss
332 1185 385 1212 ex
415 1171 715 1211 recentiorum
747 1174 1073 1212 nonnullorum
1100 1171 1426 1211 Grammatico-

108 1241 210 1267 rum
232 1234 494 1280 praecepto;
521 1227 614 1267 scit.
646 1228 861 1278 quoniam
892 1227 1009 1267 inter
1037 1241 1205 1267 nomen
1232 1234 1274 1267 et
1296 1240 1422 1279 prae-

107 1281 381 1335 positionem
404 1282 492 1322 alia
519 1296 607 1322 vox
632 1282 861 1323 interiecta
880 1290 956 1323 est.
1022 1284 1053 1322 l.
1080 1297 1144 1334 17.
1173 1279 1421 1332 μαχήσονται)

37 1371 40 1375 .
105 1337 178 1378 Sic
194 1337 341 1378 Areh.
363 1336 499 1378 Vind.
514 1338 624 1378 Ask.
645 1346 687 1377 et
706 1352 812 1379 mox
830 1339 1006 1379 iterum.
1028 1362 1084 1369 —-
1111 1338 1183 1379 Sic
1203 1345 1245 1377 et
1266 1340 1308 1377 h.
1324 1338 1422 1377 LF.

109 1399 152 1432 et
173 1407 277 1433 mox
299 1407 333 1433 c.
356 1397 454 1446 103,
477 1398 513 1434 3.
546 1393 667 1433 idem
686 1394 744 1434 F.
765 1409 865 1434 cum
879 1396 967 1436 Pa.
990 1407 1103 1446 quos
1117 1400 1290 1435 secutus
1307 1407 1421 1433 sum.

103 1447 327 1489 Videntur
362 1448 482 1488 enim
505 1449 640 1490 Iones
661 1449 862 1490 futurum
894 1449 1028 1490 huius
1055 1449 1184 1489 verbi
1210 1449 1420 1497 μαχήσομαι

104 1503 338 1555 formasse,
364 1518 449 1557 pro
479 1517 532 1544 eo
558 1507 680 1557 quod
704 1508 824 1559 apud
852 1505 963 1546 alios
993 1507 1186 1546 Graecos
1215 1507 1419 1554 μκχέσομαι

105 1559 205 1599 fuit.
234 1561 383 1614 Vulgo
413 1559 595 1612 quidem
622 1562 666 1599 h.
692 1562 722 1600 l.
753 1565 964 1610 μκχέσονκα
988 1563 1231 1616 legebatur.
1298 1558 1420 1599 Ibid-

107 1613 272 1668 κυνέαν)
303 1615 374 1655 Sic
391 1629 493 1655 cum
512 1615 610 1656 aliis
630 1618 675 1657 h.
692 1618 722 1657 l.
747 1617 900 1657 scribit
920 1617 976 1656 F.
1003 1616 1158 1669 immo,
1184 1625 1231 1656 ut
1258 1615 1420 1655 rectius

107 1670 248 1710 dicam
263 1701 275 1723 ‚
297 1671 454 1712 vitiose
476 1671 630 1712 scribit
654 1675 716 1713 τοῦ
740 1676 832 1713 τέων.
865 1672 995 1713 Idem
1020 1686 1127 1713 vero
1153 1674 1295 1726 paulo
1319 1678 1422 1724 post

107 1725 174 1779 (c.
197 1730 293 1775 103,
315 1725 382 1778 3.)
406 1727 548 1772 τούτων,
570 1741 651 1768 suo
673 1741 812 1768 more.

112 1798 114 1800 ’
163 1781 309 1823 CAP.
339 1781 478 1824 CIII·
511 1781 619 1823 Lin·
643 1787 682 1824 3.
715 1785 943 1832 μαχήσασθαι
963 1783 1121 1837 scripsi
1143 1797 1246 1823 cum
1268 1781 1418 1824 Arch-

110 1835 259 1880 Vincl.
283 1836 396 1878 Ask.
425 1839 480 1878 F.
501 1839 589 1879 Pa.
610 1839 695 1880 Pb·
738 1842 948 1887 μαχέσεσθκι
978 1840 1062 1880 PC.
1101 1841 1325 1887 μκχέσασθκι
1349 1839 1421 1879 ed·

113 1895 263 1933 Wess.
282 1907 383 1933 cum
401 1893 499 1933 aliis
519 1896 629 1934 Edd.
650 1894 882 1945 omnibus,
906 1894 984 1946 qui
1005 1894 1187 1946 quidem
1208 1895 1330 1935 VIII.
1346 1897 1417 1947 26,

109 1960 172 1999 14.
194 1947 241 1988 in
265 1951 521 1997 μαχησομένους
541 1950 838 1990 consentiunt.
866 1949 981 1991 Vide
998 1952 1135 2003 paulo
1154 1957 1279 2002 ante,
1303 1951 1361 1989 ad
1381 1964 1419 1990 c.

110 2016 184 2044 102
198 2034 209 2055 ‚
235 2018 296 2055 ¹7·
326 2004 493 2044 Passim
512 2019 620 2046 vero
640 2005 750 2046 alibi
769 2004 937 2058 (veluti
959 2008 992 2046 I.
1022 2010 1115 2058 103,
1137 2005 1206 2059 8.)
1222 2006 1270 2045 in
1289 2005 1418 2045 usita-

105 2057 262 2098 tiorem
281 2059 470 2099 formam
487 2078 618 2109 μαχετ.
637 2062 920 2101 consentiunt
940 2061 1060 2102 mssti
1079 2070 1119 2101 et
1138 2064 1238 2101 cdd.
1293 2059 1418 2101 Ibid.

106 2114 158 2154 σι)
182 2111 274 2166 φής)
294 2116 332 2155 οὔ
352 2116 575 2166 φῇςΑνοΙι.
603 2116 748 2157 Vind.
762 2140 814 2148 -
841 2131 953 2169 quos
968 2125 1141 2158 secutus
1161 2125 1223 2158 est
1236 2114 1417 2172 Schacgfi

104 2169 323 2220 Equidem
353 2171 578 2225 vulgatum
602 2172 818 2225 praetuli,
853 2174 974 2224 quod
1003 2181 1182 2214 tuentur
1211 2173 1290 2213 alii
1319 2186 1416 2212 om-

107 2238 196 2265 nes.
265 2225 293 2264 l.
324 2231 359 2267 5.
393 2226 642 2281 ἐθελήσεις)
681 2231 791 2274 ἐθέλεις
819 2228 967 2269 Areh.
1005 2231 1224 2274 ἐθελήσεις
1256 2241 1414 2282 margo

101 2279 255 2333 steph.
275 2302 327 2310 -
349 2283 469 2320 unde
487 2283 573 2322 hoc
594 2283 779 2323 adscivit
798 2283 978 2339 Schaqfl
1009 2286 1185 2324 Habent
1206 2286 1292 2325 hoc
1309 2297 1415 2323 vero

104 2336 233 2374 etiam
259 2336 347 2376 Pa.
364 2343 404 2375 ct
424 2338 479 2377 F.
502 2339 722 2384 ἔθελῆσ-κις
740 2340 807 2380 ed.
832 2342 980 2380 Wess.
1003 2354 1103 2380 cum
1121 2340 1232 2380 aiiis.
1292 2336 1415 2380 Ibid.

101 2392 277 2438 μα’χετέκι
314 2391 439 2432 ..Μεᾶ-
458 2393 592 2433 Pass-
615 2393 727 2434 Ask.
759 2397 847 2444 [F.
863 2394 1051 2449 Paris-j
1074 2394 1278 2447 Reliquis
1296 2398 1415 2442 uoexz'-

101 2451 214 2486 σεσθκι
237 2453 313 2486 auf
331 2448 470 2495 μαχῆτ.
493 2448 673 2500 placuit.
692 2473 746 2481 —
779 2454 990 2498 μαχέτεσθκι
1011 2453 1110 2491 edd.
1142 2459 1242 2490 ante
1267 2451 1413 2492 Gron-

103 2501 130 2543 Ι.
155 2515 192 2552 7.
217 2501 387 2555 διαιρέεις)
412 2503 529 2554 διερέεις
553 2503 700 2544 Arell-
757 2506 786 2544 l.
821 2520 882 2545 ιο.
910 2510 945 2545 σέ
970 2505 1010 2545 δέ
1030 2525 1069 2552 γε
1097 2504 1271 2548 Medic.
1299 2506 1410 2547 Ask-
