1752 3042
458 235 694 285 LIBRI
746 233 1011 284 SEXTI.
1303 235 1402 302 395

79 348 259 391 factam.
277 347 298 403 (
313 348 368 390 cf.
384 351 436 390 V.
460 349 559 403 81.)
581 351 677 389 Iam
696 353 798 388 ante
817 346 864 387 id
883 352 1081 400 tempus,
1115 361 1255 399 quum
1275 350 1403 388 theo-

79 406 224 446 ridem
250 405 603 445 Atheniensium
632 417 795 443 navem
821 417 903 456 per
933 402 1116 443 insidias
1143 402 1404 456 intercepis-

78 461 451 516 sentAeginetae‚
469 460 760 500 Athenienses
787 473 889 499 cum
912 459 1188 498 Nicodromo
1211 460 1401 514 Aegine-

80 523 123 557 ta
146 520 201 557 de
229 518 462 571 prodenda
497 514 604 568 ipsis
635 514 781 554 insula
805 514 1097 568 pepigerant3
1126 515 1203 555 sed
1231 528 1404 555 succes-

79 586 182 614 sum
211 588 260 613 ea
281 587 358 613 res
377 573 690 612 nonhabuerat
713 569 793 624 (87
811 597 827 604 -
842 572 937 624 93.)
1001 611 1009 619 ,

132 629 279 669 Datis
292 635 332 668 et
349 627 696 680 Artaphernes,
717 627 764 666 in
785 625 1012 666 Mardonii
1029 628 1180 666 locum
1205 622 1401 677 suffecti,

29 82 33 142 ἑ

29 145 32 191 l

27 222 31 247 ι

25 306 28 340 t

24 343 28 373 Ι

21 473 25 526 ,ἕ

21 546 23 577 Ι

18 686 20 727 ἑ
78 698 180 724 cum
197 683 370 739 ingenti
388 684 521 723 classe
538 682 771 722 Graeciam
788 690 967 735 petunt:
985 681 1074 736 (94.
1091 681 1181 734 95.)
1204 683 1402 723 Naxum

16 729 20 789 ζ
77 746 122 780 et
158 740 266 780 alias
293 740 508 792 Cyclades
539 747 824 793 expugnant,
865 739 987 779 Delo
1030 744 1243 791 parcunt,
1274 736 1402 778 cuius

14 810 18 829 ι·
75 795 264 836 numina
294 803 575 834 venerantur.
616 795 711 846 (96.
738 792 835 849 97.)
885 793 1199 834 Contremiscit
1246 794 1400 833 Delus.

14 857 18 899 ε
73 849 189 904 (98.)
216 852 361 891 Classe
377 851 436 889 ad
448 850 688 891 Euboeam
708 852 919 903 adpulsa,
940 850 1200 906 Carystum
1222 857 1264 889 et
1282 849 1402 889 Ere-

13 922 16 968 ,
76 904 225 947 triam
256 914 514 961 expugnant
545 908 736 947 Persae.
766 906 1022 958 (99·10¹·)
1068 902 1260 958 Hippia
1284 907 1400 944 duce

11 971 15 1002 ‚¹
73 962 496 1003 Marathonem
545 962 787 1002 traiiciunt.
822 960 978 1016 (102.)
1030 963 1200 1000 Eodem
1235 967 1400 1002 exeunt

11 1013 14 1074 Ῐ
71 1017 390 1071 Athenienses,
419 1031 612 1070 quorum
640 1026 822 1071 praetor
845 1017 1116 1070 praecipuus
1133 1015 1400 1063 Miltiades,

10 1109 12 1114 .
69 1085 218 1125 nuper
256 1075 534 1114 Chersoneso
572 1073 816 1128 profugus,
859 1072 946 1126 (cf.
977 1088 1013 1114 c.
1037 1071 1137 1127 41.)
1196 1071 1398 1113 Cimonis

9 1120 13 1184 Ι
68 1127 214 1181 filius,
236 1137 301 1169 ter
317 1130 564 1183 Olympiae
584 1129 780 1170 victoris.
808 1129 931 1182 (103.
951 1141 1040 1180 104.
1055 1131 1154 1170 coll.
1174 1143 1210 1169 c.
1229 1131 1372 1180 38-39.

8 1185 11 1228 ζ
68 1184 339 1238 Phidippidi
367 1187 572 1239 Spartam
601 1184 736 1225 misso
754 1187 862 1226 deus
882 1187 991 1227 Pan
1015 1184 1220 1225 occurrit.
1245 1183 1369 1238 (105.

66 1240 274 1292 Spartani
319 1247 421 1281 ante
474 1241 776 1294 plenilunium
823 1242 943 1281 exire
982 1248 1199 1281 recusant.
1240 1242 1396 1291 (106.)

0 1229 11 1389 ‚f
65 1293 286 1349 Hippiae
315 1296 570 1348 somnium,
617 1303 659 1336 et
696 1299 804 1337 dens
840 1299 1130 1337 sternutando
1175 1309 1396 1336 excussus.

0 1375 1 1378 =
69 1353 227 1403 (107.)
256 1352 351 1392 Soli
373 1354 674 1401 Plataeenses
693 1353 1042 1393 Atheniensibus
1072 1361 1247 1405 praesto
1277 1357 1394 1391 sunt.

4 1397 7 1452 ἶ
65 1403 228 1461 (108.)
275 1408 576 1449 Callimachus
611 1410 926 1461 polemarchus
963 1408 1135 1449 accedit
1171 1406 1396 1448 Miltiadis

4 1461 5 1466 ’
65 1463 332 1517 sententiae,
363 1464 459 1504 acie
485 1466 838 1519 depugnandum
871 1479 975 1506 esse.
1001 1466 1119 1517 (109.
1138 1461 1258 1517 110.)
1288 1464 1395 1504 Pu-

60 1532 174 1574 gna
204 1519 602 1561 Marathonia.
625 1519 875 1574 (111-113.)
907 1518 1170 1578 Cynaegiri
1187 1520 1394 1573 pertinax

64 1574 299 1614 fortitudo.
327 1578 482 1627 (114.)
527 1575 692 1616 Persae
722 1576 969 1617 Phalerum
995 1583 1174 1629 petunt,
1212 1577 1291 1616 sed
1318 1590 1395 1615 ur-

64 1630 170 1669 bem
200 1630 440 1686 diligenter
471 1631 685 1672 custodiri
715 1631 942 1686 videntes,
975 1632 1023 1671 in
1059 1632 1208 1672 Asiam
1243 1645 1393 1671 rever-

0 1700 2 1748 s
66 1691 235 1725 tuntur.
265 1685 394 1739 (115.
419 1686 544 1740 116.)
592 1687 937 1728 Interfectorum
974 1688 1204 1739 utrimque
1233 1701 1393 1727 nume-

0 1750 1 1785 }
64 1755 153 1781 rus.
198 1742 426 1795 Epizelus,
463 1742 579 1783 miro
616 1745 754 1783 modo
791 1746 1029 1785 oculorum
1062 1758 1143 1784 usu
1174 1743 1394 1796 privatus.

63 1795 225 1850 (117.)
271 1797 575 1839 Simulacrum
613 1799 871 1852 Apollinis,
910 1814 934 1840 a
980 1800 1121 1840 Persis
1170 1813 1222 1838 ex
1254 1798 1390 1839 Delio

64 1853 275 1893 Boeotiae
309 1860 512 1907 raptum,
553 1855 728 1895 Datidis
773 1856 893 1896 iussu
933 1855 1194 1896 restituitur.
1235 1856 1391 1908 (118.)

62 1909 336 1950 Eretrienses
366 1909 531 1963 captivi
562 1912 856 1964 deportantur
891 1911 939 1951 in
969 1911 1098 1952 Asiae
1132 1910 1389 1965 regionem,

61 1963 142 2004 ubi
175 1973 238 2006 est
267 1965 393 2018 fons,
426 1980 479 2006 ex
505 1981 596 2018 quo
618 1966 752 2007 simul
779 1967 983 2008 bitumen
1008 1974 1050 2008 et
1077 1969 1140 2008 sal
1170 1975 1213 2006 ct
1234 1968 1390 2008 oleum

60 2019 281 2061 hauritur.
300 2022 349 2072 (1
362 2023 455 2074 19.)
485 2024 687 2077 Pugnat&
706 2022 795 2064 iam
812 2025 966 2080 pugna
983 2026 1177 2064 Athenas
1199 2023 1391 2063 veniunt

63 2075 230 2116 auxilia
245 2080 584 2130 Spartanorum.
603 2081 620 2129 (
640 2081 761 2130 120.)

144 2131 597 2175 Alcmaeonidae
638 2135 994 2188 perhibebantur
1036 2137 1211 2176 sublato
1260 2141 1388 2177 scuto

61 2186 241 2240 signum
262 2189 434 2230 dedisse
447 2190 615 2243 Persis,
632 2205 722 2243 quo
744 2205 819 2231 eos
844 2199 1105 2243 monerent,
1129 2199 1178 2232 ut
1205 2193 1389 2232 classem

60 2244 256 2283 Athenas
274 2253 526 2286 moverent:
546 2247 603 2297 (c.
623 2264 634 2285 1
650 2245 736 2301 15.)
757 2249 880 2300 quod
900 2248 1070 2288 crimen
1086 2249 1142 2288 ab
1160 2248 1250 2289 illis
1267 2262 1388 2288 amo-

61 2298 176 2338 licns
206 2301 486 2354 Herodotus,
516 2302 577 2342 ait
605 2316 680 2343 eos
710 2312 1007 2356 tyrannorum
1040 2304 1387 2344 Atheniensium

60 2353 269 2414 inimicos
295 2356 481 2408 perinde
511 2365 587 2398 aut
611 2359 744 2399 etiam
772 2359 911 2415 magis
932 2360 1090 2412 fuisse,
1119 2375 1253 2411 quam
1274 2359 1386 2401 Cal-

59 2411 199 2457 lzatm
219 2411 345 2452 cuius
371 2412 613 2468 singularia
635 2415 835 2456 liberalis
858 2415 1001 2456 animi
1022 2416 1267 2469 specimina
1285 2418 1383 2456 lau-

60 2467 236 2505 dantur.
257 2469 294 2517 (1
308 2480 372 2507 21.
392 2471 503 2520 122.)
531 2471 901 2517 Alcmaeonidae,
921 2472 1093 2512 familia
1114 2472 1232 2512 inter
1247 2473 1384 2512 Athe-

58 2521 234 2562 nienses
253 2522 530 2565 nobilissima
544 2556 555 2578 ,
581 2540 673 2566 non
694 2527 871 2568 minora
892 2527 987 2569 odii
1007 2528 1384 2569 Pisistratidarum
