1752 3042
448 197 684 246 LIBRI
737 181 1434 259 SEPT1M1.397

116 310 236 352 bano
256 308 393 351 iratus
412 310 602 363 Xerxes,
624 310 887 361 insequente
907 312 1039 348 nocte
1060 313 1232 357 tamen,
1256 318 1305 345 re
1330 318 1434 357 per-

116 379 278 421 pensa,
298 366 346 406 in
374 365 498 407 illius
527 366 680 407 transit
700 363 988 405 sententiam:
1017 363 1094 402 sed
1121 362 1279 401 eadem
1303 367 1435 401 nocte

117 422 216 464 viso
240 436 320 475 per
343 436 554 462 somnum
581 422 732 461 oblato
763 427 995 471 monetur,
1025 424 1075 457 ut
1100 415 1146 456 in
1170 415 1315 469 prio1i
1333 429 1436 468 per-

116 477 239 519 sistat
262 477 494 518 sententia.
523 476 734 530 (11.12.)
774 474 929 514 Nihilo
954 448 1101 513 niinus
1118 470 1335 534 postridie
1360 472 1437 510 de-

118 546 213 574 nuo
254 533 508 573 convocatis
544 530 806 583 proceribus
846 528 1088 584 significat,
1126 526 1309 580 probari
1349 525 1439 566 sibi

118 588 337 629 Artabani
362 587 615 628 consilium.
645 587 741 635 (13.
750 587 769 634 )
817 586 986 624 Iterum
1013 597 1120 624 veto
1153 584 1313 623 eodem
1338 581 1437 621 viso

120 651 164 684 et
186 643 273 696 ipsi
295 651 427 704 atque
448 642 579 683 etiam
603 642 830 681 Artabano
854 642 1027 685 oblato,
1060 639 1314 679 decernitur
1332 637 1438 678 Bel-

121 700 219 739 lum
246 695 471 738 Graeciae
505 693 816 751 inserendum.
844 696 1070 747 (14-19.)

177 755 426 794 Immensus
457 753 567 792 belli
599 755 836 805 adpaiatus
871 766 952 804 per
984 749 1333 803 quadriennium
1368 747 1439 788 in-

120 815 324 850 structus.
341 810 438 860 (20.
454 809 549 861 21.)
579 810 711 848 Mons
728 805 1192 871 Athosperfossus
1213 806 1327 857 (22-
1340 805 1439 855 24.)

121 866 351 907 Rudentes
379 863 490 904 linei
526 870 568 903 et
596 863 763 904 biblini
791 863 839 902 in
873 862 1083 916 pontium
1116 876 1244 902 usum
1273 861 1440 914 parati3

121 926 396 962 commeatus
434 918 610 960 idoneis
639 919 750 959 locis
781 918 998 971 dispositi.
1036 919 1159 969 (25.)
1211 917 1440 969 Celaenis,

123 975 352 1038 Phrygiae
378 976 516 1023 urbe,
549 975 629 1015 ubi
651 976 879 1029 IVIarsyae
907 973 1038 1027 pellis
1071 986 1306 1025 suspensa,
1342 973 1442 1026 Py-

125 1030 254 1073 thius
281 1032 435 1085 Lydus
450 1033 639 1072 Xerxem
669 1031 854 1082 eiusque
876 1030 1116 1070 exercitum
1141 1028 1339 1081 hospitio
1367 1042 1442 1067 ex-

125 1087 247 1140 cipit.
284 1089 399 1136 (26-
412 1089 508 1139 29.)
559 1086 814 1131 Colossae,
851 1092 893 1125 et
924 1085 1010 1125 alia
1048 1083 1273 1139 Phrygiae
1309 1083 1443 1136 oppi-

125 1144 194 1183 da.
223 1144 318 1194 (30.
339 1146 405 1183 31.
417 1145 435 1191 )
480 1142 693 1184 Sardibus
724 1143 889 1181 Xerxes
919 1154 1161 1194 praecones
1194 1154 1275 1192 per
1308 1141 1444 1179 Grae-

126 1198 242 1239 ciam
283 1197 490 1251 dimittit,
539 1197 619 1250 qui
659 1204 836 1237 terram
867 1203 913 1237 et
941 1211 1112 1249 aquam
1153 1196 1443 1247 postularent.

125 1252 225 1308 (32.
247 1253 303 1295 cf.
325 1255 402 1295 VI.
423 1261 488 1303 48.
521 1260 564 1294 et
584 1254 687 1294 VII.
714 1253 957 1303 131-133.)
1004 1250 1244 1291 Pontibus
1276 1258 1445 1303 tempe-

124 1316 249 1351 state
276 1307 460 1363 ruptis,
491 1310 571 1361 qui
606 1322 741 1361 super
777 1308 1074 1359 Hellesponto
1107 1307 1305 1360 primum
1338 1320 1445 1345 con-

62 1408 70 1414 „
124 1364 282 1406 structi
311 1372 458 1417 erant,
484 1365 531 1404 in
563 1365 710 1417 ipsum
743 1364 1090 1415 Hellespontum
1117 1361 1279 1402 stolide
1305 1360 1446 1402 saevit

125 1422 307 1462 Xerxes.
329 1420 444 1471 (33-
455 1421 549 1472 35.)
593 1417 875 1459 Reficiuntur
903 1425 1077 1471 pontes.
1102 1418 1226 1469 (36.)

180 1473 411 1517 Sardibus
437 1490 490 1516 ex
509 1475 711 1516 hibernis
732 1482 942 1514 movente
961 1475 1119 1515 Xerxe
1147 1487 1248 1513 cum
1279 1472 1447 1513 exerci-

125 1537 200 1584 tu,
226 1531 389 1572 defecit
407 1533 489 1572 sol.
519 1531 647 1584 (37.)
690 1529 844 1583 Pythii
865 1529 1033 1581 filium,
1065 1529 1137 1569 cui
1162 1529 1448 1569 vacationem

128 1587 317 1628 militiae
342 1595 470 1640 pater
500 1600 527 1627 a
557 1601 662 1642 rege
687 1586 820 1639 petit,
848 1583 1052 1626 medium
1083 1582 1294 1625 discindi
1322 1585 1449 1625 iubet

129 1657 219 1684 rex.
244 1641 346 1697 (38.
368 1645 463 1695 39.)
503 1643 628 1683 Ordo
655 1641 869 1697 agminis:
901 1639 1007 1694 equi
1031 1638 1449 1681 Nisaei:cur1us

129 1698 233 1739 Iovi
252 1712 385 1740 sacer.
407 1699 506 1749 (4ο.
519 1712 584 1749 4ι.
591 1700 612 1751 )
643 1699 732 1737 Iter
749 1712 831 1751 per
847 1696 1067 1750 Mysiam:
1094 1697 1153 1736 ad
1174 1697 1316 1735 Idam
1324 1711 1450 1736 mon-

129 1761 221 1796 tem
251 1753 384 1796 multi
413 1755 578 1795 milites
605 1753 797 1794 fulmine
824 1753 949 1793 tacti:
978 1752 1236 1792 Scamand1i
1260 1754 1302 1791 fl.
1330 1765 1450 1804 aqua

130 1810 294 1852 deficit.
326 1811 425 1861 (42.
442 1811 541 1862 43.)
586 1809 740 1862 Abydi
773 1810 982 1854 Xerxes,
1013 1808 1164 1860 copias
1196 1810 1375 1848 navales
1407 1813 1450 1847 et

131 1868 356 1929 pedestres
381 1873 605 1918 spectans,
635 1865 969 1918 illaciymatur.
1007 1863 1114 1903 inde
1142 1877 1277 1917 grave
1301 1864 1451 1905 Arta-

132 1920 248 1963 bani
270 1936 371 1962 cum
399 1921 479 1961 illo
500 1919 791 1984 colloquium
818 1923 874 1960 de
901 1921 1017 1959 vitae
1046 1921 1268 1959 humanae
1294 1920 1452 1960 condi-

133 1978 277 2031 tione,
303 1985 345 2017 et
371 1978 427 2017 de
445 1977 649 2018 instantis
676 1975 976 2029 expeditionis
997 1975 1224 2028 periculis.
1241 1975 1344 2039 (44-
1357 1984 1421 2018 52
1430 1976 1455 2028 )

189 2035 418 2074 Artabano
435 2035 542 2074 Susa
566 2032 768 2077 dimisso,
793 2033 972 2073 Xerxes
995 2046 1094 2071 cum
1119 2032 1310 2071 exercitu
1334 2033 1454 2072 Hel-

133 2090 399 2143 lespontum
421 2086 624 2130 transit.-
653 2096 822 2141 septem
848 2087 1052 2127 continui
1077 2087 1170 2127 dies
1191 2095 1454 2140 septemque

135 2151 287 2185 noctes
304 2147 571 2185 transeundo
592 2144 812 2184 insunitae
830 2150 945 2184 sunt.
962 2141 1065 2207 (53-
1077 2144 1162 2194 57.)
1192 2145 1281 2183 Iter
1299 2144 1454 2196 copia-

135 2214 237 2240 rum
254 2199 481 2240 navalium
497 2208 539 2241 et
554 2200 826 2261 pedestrium
846 2200 902 2238 ad
917 2198 1152 2239 Doriscum
1173 2213 1325 2250 usque,
1353 2201 1454 2241 Me-

136 2256 208 2296 las
229 2256 271 2296 fl.
299 2262 471 2308 epotus.
490 2257 619 2307 (58.)
662 2253 922 2300 Dor-iscus,
953 2254 1168 2295 Thraciae
1191 2269 1292 2306 ora,
1318 2270 1455 2307 quam

136 2311 330 2352 Hebrus
362 2311 564 2364 perfluit:
604 2311 668 2351 ibi
702 2325 836 2351 naves
868 2312 1135 2362 subductae,
1169 2318 1211 2350 et
1242 2325 1456 2353 numerus

140 2367 373 2419 copiarum
404 2381 485 2419 per
512 2369 625 2407 dena
645 2367 814 2419 millia,
843 2381 984 2406 unum
1008 2366 1055 2406 in
1083 2368 1233 2406 locum
1259 2367 1453 2421 inclusa,

139 2422 292 2464 initus.
315 2425 409 2474 (59.
433 2425 532 2473 60.)
569 2425 696 2463 Tunc
725 2437 805 2476 per
834 2421 1032 2476 singulas
1059 2422 1262 2462 nationes
1293 2424 1456 2463 discre-

139 2484 208 2522 tus
238 2478 477 2532 exercitus,
501 2491 691 2532 quarum
712 2480 882 2534 cultus,
914 2492 1035 2520 arma
1061 2483 1104 2519 et
1130 2480 1262 2520 duces
1294 2479 1455 2521 descri-
