1752 3042
306 232 395 280 IN
429 229 874 279 HEROD-OTI
909 228 1060 276 LIB.
1094 229 1201 281 VI.
1339 229 1400 293 57

148 343 294 387 CAP.
317 344 552 387 CXXIII.
582 341 690 386 Lin.
719 356 755 383 2.
777 339 875 386 ἧσσον
899 342 944 383 h.
962 342 992 382 l.
1019 347 1139 381 tenet
1160 340 1228 381 ed.
1254 341 1404 382 Wess.

95 414 195 441 eum
217 402 450 454 praecedd.
468 401 568 439 edd.
591 413 675 439 nec
698 397 821 438 aliud
841 411 895 436 ex
914 396 1057 437 msstis
1074 396 1283 436 adfertur.
1310 394 1407 436 Pri-

97 470 194 496 mus
228 453 408 512 Schaef.
447 454 572 496 ἕσσον
599 450 675 494 hic
706 452 867 497 edidit,
904 454 1135 504 quomodo
1170 451 1278 491 alibi
1311 451 1405 490 fere

98 518 347 551 constanter
370 512 469 550 edd.
496 522 651 549 omnes
675 508 782 548 inde
808 510 864 548 ab
890 508 1032 549 Aldo.
1097 504 1219 548 Ibid.
1250 507 1407 546 τούτου

98 566 204 606 defit
231 566 279 606 in
313 565 460 606 Arch·
491 561 588 607 ἶσα-ον
620 564 726 614 τούτῳ
756 564 890 603 habet
916 562 1053 603 Pass.
1080 587 1134 594 —
1169 559 1267 605 ἧσσον
1294 562 1405 601 αὐτ-ὦν

98 623 154 662 F.
183 643 237 653 -
265 623 380 661 Tum
405 618 490 663 ἦσαν
516 626 766 669 constanter
786 620 844 659 F.
868 632 960 658 non
988 618 1084 659 ἔσαν.
1112 620 1252 659 Porro
1275 619 1408 660 θῶμα

80 675 253 730 *scripsi
272 690 373 716 cum
389 676 444 716 F.
468 674 548 715 ubi
564 677 701 729 vulgo
720 675 853 719 θώῦμα
871 675 970 714 edd.
990 681 1053 714 ut.
1065 688 1102 714 c.
1121 686 1210 725 ιρι,
1232 688 1268 711 1.
1324 672 1354 711 l.
1368 673 1409 711 3.

98 731 254 778 α’ναὲέξαι
273 731 419 772 Arch.
444 731 494 770 V
493 728 589 770 ind.
611 730 734 771 Med.
753 728 1014 771 Ask-Pass.
1029 730 1102 784 [F.
1114 725 1294 780 Paris]
1317 729 1409 767 An-

97 795 169 827 tea
195 786 429 833 ἅναδέξατθαι.
457 809 505 815 -
552 785 680 825 Conf.
703 799 738 825 c.
762 793 834 827 115
849 815 860 835 ‚
883 788 922 825 8.
989 786 1018 825 l.
1051 791 1088 828 5.
1110 788 1138 825 οἷ
1161 779 1408 834 Haece-Tyn.)

96 842 243 882 Abest
262 844 289 881 οἱ
306 842 363 881 F.
387 848 430 881 et
446 841 538 882 Pa.
569 842 622 880 In
637 840 723 881 Pb.
740 838 811 894 (ni
832 840 992 881 fallunt
1012 838 1244 893 excerpta)
1270 838 1408 892 paulo

96 904 198 950 post
229 898 351 936 abest
378 900 406 936 σι’
434 903 536 936 ante
557 898 739 946 ἐλευθερώσ.
792 895 884 936 Pro
913 897 1173 948 ἔλεῠθερῶσαντες
1206 907 1313 934 vero
1345 898 1412 934 est

97 954 249 1001 βύσαντες
273 951 322 991 in
348 951 495 994 Arch.
574 953 602 991 l.
630 965 670 1003 9.
698 952 775 996 τούς
805 951 1076 997 {mmmmm
1105 949 1234 1003 Πεισ.)
1258 969 1293 990 τ.
1321 962 1410 990 λοι-

96 1008 182 1054 πσύς
203 1016 252 1048 Π.
274 1007 397 1048 Med.
422 1008 558 1048 Pass.
583 1007 696 1048 Ask.
725 1026 780 1037 -
810 1014 853 1045 et
873 1007 1037 1048 F.·Pb.
1058 1006 1149 1048 Pd.
1187 1007 1240 1046 Et
1259 1005 1322 1046 sic
1341 1005 1411 1045 ed.

108 1064 256 1103 Wess.
282 1072 325 1102 et
349 1077 473 1115 seqq.
492 1076 591 1102 cum
615 1064 762 1103 Gron.
791 1061 1012 1114 Equidem
1037 1077 1090 1103 ex
1116 1061 1243 1103 Aldo
1272 1062 1412 1101 ὑπολοί-

96 1136 178 1163 πους
198 1118 431 1170 revocavi,
455 1119 577 1170 quod
598 1132 700 1158 cum
721 1115 821 1156 aliis
845 1118 974 1157 codd.
994 1117 1251 1171 praeferunt
1271 1115 1413 1156 nostri

96 1173 185 1214 Pa.
208 1172 292 1213 Pe.
323 1175 458 1223 Nam,
485 1174 608 1225 quod
628 1186 712 1225 pro
737 1172 954 1224 scriptura
976 1174 1111 1219 λοιπσὺς
1133 1173 1264 1212 etiam
1289 1172 1413 1211 codi-

99 1243 196 1268 cem
220 1226 382 1269 Paris.
405 1229 459 1269 B.
489 1228 600 1280 (qui
622 1236 772 1269 noster
802 1230 889 1269 Pa.
916 1227 1033 1280 est.)
1074 1235 1229 1269 testem
1261 1227 1414 1268 citavit

106 1285 280 1328 Wess„
305 1284 353 1323 in
368 1298 421 1325 eo
442 1284 577 1324 falsus
601 1290 665 1324 est
683 1284 755 1323 vir
773 1285 951 1329 doctus,
973 1285 1276 1336 debueratque
1295 1285 1414 1325 Par.

100 1338 155 1380 C.
168 1339 361 1379 scribere
375 1371 387 1391 ‚
413 1340 494 1391 qui
509 1347 571 1379 est
585 1347 735 1380 noster
746 1338 831 1379 Pb.
846 1342 917 1379 vel
932 1339 1020 1380 Pd.
1077 1339 1106 1379 l.
1132 1355 1145 1379 1
1156 1355 1191 1380 1.
1218 1341 1416 1384 Ἀλκμαιω-

101 1394 182 1434 είὸαι
206 1393 269 1448 δὲ)
298 1398 328 1435 οἶ
351 1395 383 1436 δὲ
405 1396 534 1440 Ἀλκμ.
554 1394 702 1435 Arch.
758 1395 788 1433 l.
817 1407 877 1434 12.
903 1392 992 1436 οὗτοί
1011 1393 1081 1447 γε)
1102 1396 1246 1435 Abest
1267 1413 1306 1440 γε
1323 1395 1413 1435 Pa.

155 1449 304 1491 CAP.
330 1450 564 1493 CXXIV.
581 1448 690 1491 Lin.
720 1465 754 1489 ι.
779 1451 858 1495 ’ἴσως
884 1470 924 1490 τι
953 1450 1076 1491 Med.
1094 1450 1238 1490 Arch.
1265 1447 1410 1490 V'ind.

99 1505 235 1546 Pass.
253 1506 366 1546 Ask.
390 1507 469 1554 [F.
485 1503 675 1559 Paris.]
697 1507 858 1545 Deerat
876 1524 919 1546 τι.
982 1503 1106 1545 Ibid.
1126 1505 1416 1555 ἐπιμεμφόμενοι)

98 1563 360 1612 ἐπιμεμφομένῳ
374 1561 521 1601 Arch.
579 1564 609 1601 l.
624 1574 658 1601 2.
680 1562 855 1603 Ἀθκναίων
874 1565 924 1611 τῷ
941 1560 1057 1613 ἓνῖμῳ)
1077 1565 1157 1600 τῶν
1173 1563 1242 1601 Ἀθ.
1256 1563 1307 1612 τῷ
1319 1560 1414 1612 δήμῳ

99 1616 235 1656 edens
252 1617 335 1655 We
347 1631 406 1656 ss.
437 1617 613 1657 monuit
649 1647 675 1668 „
690 1618 839 1656 deesse
865 1620 930 1655 τιῖν
950 1616 1098 1656 Arch.
1119 1624 1160 1656 et
1178 1618 1314 1657 Pass.
1334 1629 1417 1656 nec

98 1671 263 1711 male.“
275 1673 410 1712 Abest
421 1686 528 1712 vero
543 1672 673 1713 etiam
683 1672 740 1711 F.
754 1679 795 1711 et
807 1673 894 1712 Pa.
909 1678 951 1711 et
962 1671 1122 1713 rectius
1135 1674 1284 1712 abesse
1296 1671 1421 1723 equi-

98 1727 202 1767 dem
223 1727 445 1779 iudicavi,
471 1730 676 1780 adeoque
702 1727 920 1781 ablegavi.
981 1728 1010 1766 l.
1033 1730 1069 1768 6.
1098 1727 1254 1776 ἀνεδέχθη
1271 1733 1331 1773 μὲν
1349 1727 1418 1777 γάρ

100 1789 183 1823 etc.
229 1782 495 1824 CitatPlut.
529 1783 720 1838 Malign.
744 1797 787 1835 p.
813 1784 904 1822 862.
924 1795 960 1821 Ε.
987 1807 1042 1814 --
1079 1783 1235 1830 ἀνεδέχθη
1262 1781 1421 1835 scripsi

101 1852 201 1878 cum
218 1836 399 1894 Schaef
419 1840 741 1891 praeeuntibus
760 1837 921 1878 nostris
941 1852 1040 1878 mss.
1062 1840 1118 1879 F.
1141 1845 1182 1877 ct
1197 1839 1283 1880 Pe.
1307 1846 1420 1891 puto

101 1901 145 1934 et
167 1893 278 1934 aliis.
311 1896 461 1947 Vulgo
484 1895 651 1944 ἀνεδείχθη
671 1894 770 1934 edd.
832 1894 862 1932 l.
888 1896 924 1933 8.
948 1895 1142 1935 rozirva

160 1948 303 1991 CAP.
327 1949 469 1992 CXX
474 1950 534 1990 V.
562 1949 671 1991 Lin.
699 1965 737 1989 ι.
758 1951 1022 1990 Constanter
1040 1950 1096 1990 F.
1115 1947 1358 1995 Ἀλκμεωνίδαι
1378 1954 1421 1990 et

102 2000 199 2048 ἦσαν.
261 2006 288 2045 l.
308 2007 343 2045 5.
367 2005 653 2060 οἷπικνεῡμένεισι)
670 2004 742 2045 Sic
752 2005 890 2045 Pass.
904 2028 958 2035 —
977 2006 1084 2046 είΕ
1100 2006 1189 2046 Ρα.
1205 2004 1292 2046 Pb.
1308 2018 1421 2056 quos

102 2066 276 2100 secutus
296 2074 408 2102 sum.
441 2063 673 2105 οἷπικσμένωσι
695 2061 764 2101 ed.
784 2062 857 2099 W
851 2075 937 2101 ess.
955 2075 1057 2101 cum
1075 2060 1185 2101 aliis.
1247 2061 1274 2100 l.
1299 2064 1338 2100 6.
1355 2063 1423 2106 ἐγί-

106 2114 204 2168 νετο)
230 2119 351 2160 ἐγένετο
369 2118 424 2157 F'.
495 2118 525 2155 l.
552 2123 586 2158 8.
618 2119 700 2157 τῶν
723 2119 752 2162 ἐς
777 2114 858 2168 τοὶ)
885 2118 1020 2157 Abest
1040 2120 1106 2157 τῶν
1123 2117 1259 2157 Pass.
1275 2115 1421 2156 Arch-

113 2168 259 2210 inlld.
326 2172 355 2210 l.
380 2187 443 2212 ιο.
462 2174 679 2218 ἐξενείκασθαι
697 2171 822 2212 Med.
837 2170 1138 2213 pass-Paris.
1157 2173 1212 2213 B·
1233 2170 1316 2225 [Sc.
1339 2184 1423 2211 no·-

103 2232 192 2266 ster
215 2224 332 2280 Pa]
359 2227 471 2268 Asb.
502 2225 648 2268 Vind.
671 2227 821 2267 Arch.
850 2228 931 2279 [F.
949 2228 1035 2269 Pb.
1057 2226 1174 2281 Pd.]
1206 2227 1329 2268 Olim
1355 2229 1425 2274 ἐξε-

104 2287 219 2322 νεῖκαι.
236 2304 299 2330 ⁴—
328 2282 400 2322 Sic
417 2282 500 2323 Pe.
519 2297 620 2323 cum
643 2282 745 2322 Ald.
816 2283 847 2321 l.
878 2298 940 2322 ιι.
967 2284 1104 2330 {edm}
1123 2283 1269 2324 Arch.
1286 2285 1423 2324 Pass.

106 2337 228 2377 Olim
252 2337 415 2384 dedo-ru?
441 2362 494 2370 —-
523 2341 551 2384 ἐς
570 2339 669 2385 ἅπαξ
685 2338 741 2377 F.
810 2339 839 2376 l.
871 2351 931 2379 12.
961 2340 1165 2390 προσέφερε)
1198 2339 1421 2390 προέφερεῙῖ

107 2391 193 2431 Pb.
252 2393 280 2432 l.
303 2396 364 2433 13.
389 2396 511 2433 κιθῶνα
531 2392 709 2446 μέγαν)
731 2393 955 2434 omittunt
983 2399 1094 2439 μέγαν
1113 2391 1285 2435 Medic.
1309 2393 1422 2435 ASk.

104 2445 217 2501 [R]
238 2455 279 2487 et
304 2449 439 2489 Pass.
458 2448 504 2487 in
532 2449 658 2488 cuius
686 2455 835 2488 tamen
859 2450 1071 2505 margine.
1111 2451 1296 2490 Servant
1321 2449 1425 2490 reli-

106 2503 183 2555 qui
208 2517 309 2544 curn
329 2504 548 2545 Eustach.
569 2505 624 2543 ad
643 2503 771 2545 Iliad.
788 2519 832 2557 p.
852 2507 928 2545 655
944 2536 956 2558 ,
979 2507 1046 2546 62.
1070 2503 1141 2559 [p.
1169 2507 1239 2547 521
1259 2534 1270 2553 ‚
1292 2511 1328 2550 5.
1353 2507 1422 2547 ed.
