1752 3042
292 200 390 248 400
662 185 1260 238 ARGUMENTUM

290 297 555 353 (125.126.)
584 300 732 340 Castra
759 301 991 340 Persarum
1019 299 1079 337 ad
1111 298 1372 339 Thermum.
1410 297 1607 341 Echido-

293 368 367 395 rus
399 356 439 395 fl.
471 362 643 408 epotus.
674 354 819 408 (¹27·)
860 356 1026 394 Xerxes
1053 353 1209 393 invisit
1231 350 1379 395 Penei
1405 356 1448 394 fl.
1469 355 1604 407 ostia;

294 423 408 461 quae
427 409 465 451 si
478 424 644 473 aggere
667 412 1022 462 obstruerentur,
1055 423 1111 449 ne
1134 408 1254 449 exire
1274 422 1421 461 aquae
1442 424 1466 450 e
1489 412 1605 452 valle

292 465 543 506 Thessalica
563 473 768 517 possent,
798 467 971 517 denuo,
996 471 1044 504 ut
1064 464 1199 516 olim,
1224 465 1434 505 universa
1468 466 1510 505 T
1506 465 1606 507 hes-

291 519 415 562 salia
445 518 585 560 undis
610 528 911 584 mergeretur.
931 522 1067 572 (128-
1082 519 1204 573 130.)
1246 522 1454 560 Redeunt
1483 534 1607 573 prae-

294 590 426 617 cones
451 576 497 615 in
519 575 754 615 Graeciam
783 575 928 616 missi:
959 575 1035 627 qui
1055 575 1217 636 populi
1239 576 1354 630 Regi
1382 582 1541 615 terram
1562 582 1607 616 et

292 646 455 683 aquam
495 632 741 681 dederunt,
779 633 861 671 hos
905 628 1137 684 Delphico
1181 631 1264 671 deo
1304 629 1607 672 decimandos

292 687 443 727 iuiant
481 685 645 737 reliqui
683 685 855 725 Graeci.
892 685 1016 748 (¹.3¹·
1042 687 1158 737 132.)
1204 688 1295 726 Cur
1326 685 1532 727 Athenas
1563 691 1607 726 et

292 745 493 794 Spartam
513 753 756 792 praecones
773 754 866 780 non
883 740 1052 780 miserit
1065 740 1239 782 Darius.
1258 741 1376 795 (133.
1396 741 1451 781 cf.
1468 756 1503 782 c.
1519 744 1607 790 32.)

302 799 345 838 T
340 797 475 854 althj
466 794 545 836 bii
587 795 735 836 herois
772 795 838 835 ira
871 796 929 835 ob
960 802 1137 836 necatos
1178 796 1287 837 olim
1321 810 1346 836 a
1376 797 1609 850 Spartanis

293 866 534 915 praecones
550 850 698 901 Darii3
715 849 793 904 (cf.
807 853 882 892 VI.
897 849 987 903 48.)
1008 864 1140 902 quam
1160 852 1217 891 ad
1235 854 1500 905 placandam
1515 853 1607 892 duo

294 907 497 962 Spartani
526 908 634 946 Susa
654 906 777 947 missi
803 912 928 958 sunt,
954 919 1122 958 poenas
1147 906 1306 947 daturi.
1330 907 1470 959 (134-
1484 908 1608 960 137.)

349 965 641 1003 Graecorum
677 963 759 1002 sub
800 936 971 1002 Xerxis
1004 960 1334 1014 expeditionem
1370 962 1608 1004 discordia.

295 1018 418 1069 (138.
430 1019 450 1069 )
487 1015 796 1059 Athenienses
827 1016 1020 1056 maxime
1043 1021 1287 1058 servatores
1314 1018 1439 1058 fuere
1467 1020 1608 1058 Grae-

296 1074 403 1114 ciae.
425 1074 575 1125 (139.)
606 1075 707 1113 Duo
730 1085 788 1114 07
788 1073 927 1113 acula
941 1069 1308 1113 Atheniensibus
1329 1073 1465 1120 data,
1480 1073 1608 1127 prius

294 1129 466 1180 minax,
484 1130 672 1169 alterum
691 1127 949 1183 benignius,
973 1141 1064 1179 quo
1088 1129 1481 1169 commendabatur
1506 1143 1609 1169 mu-

295 1199 380 1226 rus
410 1183 615 1240 ligneus,
645 1197 779 1236 quem
811 1197 943 1224 naves
963 1182 1275 1236 interpretatus
1308 1190 1372 1224 est
1403 1181 1609 1224 Themi-

295 1241 535 1284 stocles,
558 1242 698 1290 (140-
715 1240 834 1290 143.)
878 1237 956 1290 qui
984 1237 1074 1278 iam
1105 1245 1380 1291 persuaserat
1407 1238 1605 1292 civibus,

295 1302 345 1336 ut
368 1294 605 1349 pecuniam
631 1293 859 1347 publicam
882 1293 1072 1334 navibus
1101 1294 1444 1335 construendis'
1431 1308 1609 1348 impen-

296 1353 465 1392 derent.
496 1350 613 1401 (144.
627 1352 646 1400 )
681 1352 860 1391 Mutuas
889 1348 1147 1391 inimicitias
1169 1349 1418 1391 dissolvunt
1435 1349 1609 1404 Graeci,

295 1414 340 1447 et
375 1408 533 1447 Sardes
572 1407 871 1458 speculatores
913 1404 1121 1456 mittunt3
1160 1417 1274 1457 quos
1308 1407 1609 1467 deprehensos

294 1464 460 1503 Xerxes
484 1461 734 1502 incolumes
756 1459 950 1501 dimittit.
973 1461 1111 1511 (145-
1126 1460 1245 1514 147.)
1280 1459 1451 1518 Argivi
1466 1461 1610 1503 socie-

295 1524 429 1558 tatem
451 1519 725 1558 Graecorum
755 1522 970 1556 recusant.
995 1515 1274 1568 (148-152.)

350 1572 640 1613 Athenienses
672 1579 715 1612 et
745 1570 1086 1612 Lacedaemonii
1116 1572 1285 1626 legatos
1318 1570 1367 1611 in
1389 1568 1610 1612 Siciliam

294 1628 477 1669 mittunt
508 1629 565 1668 ad
593 1629 840 1674 Gelonem,
863 1626 1061 1680 primum
1088 1627 1248 1673 Gelae,
1275 1626 1380 1667 dein
1406 1628 1611 1683 Syracu-

293 1699 458 1725 sarum
489 1689 754 1736 tyrannum,
785 1683 926 1733 (153-
943 1681 1062 1735 156.)
1105 1681 1268 1734 quibus
1298 1682 1466 1723 auxilia
1505 1684 1609 1722 adv.

293 1739 454 1780 Persas
476 1739 736 1794 rogantibus
763 1744 894 1794 negat
913 1737 1013 1790 ille,
1040 1736 1089 1777 ni
1113 1751 1288 1779 summa
1308 1737 1491 1792 imperii
1520 1737 1611 1791 ipsi

296 1795 610 1835 committatur·
638 1795 914 1845 (157-162.)
954 1792 1128 1846 Legatis
1149 1793 1312 1834 infecta
1337 1808 1386 1833 re
1405 1793 1609 1846 reversis,

293 1850 394 1903 prix
399 1851 505 1890 atim
523 1850 609 1891 sibi
635 1850 781 1889 Gelon
806 1855 930 1889 cavet
958 1862 982 1889 a
1008 1849 1172 1903 Persis,
1193 1849 1387 1902 pecunia
1406 1850 1610 1902 Delphos

294 1906 428 1946 missa
453 1920 533 1959 per
563 1906 787 1945 Cadmum
808 1907 975 1957 Coum,
1008 1917 1132 1944 rarae
1166 1904 1272 1945 fidei
1294 1904 1456 1944 virum.
1479 1904 1608 1954 (163.

300 1965 392 2011 164.
399 1963 419 2014 )
459 1960 598 2002 Siculi
622 1961 772 2009 aiunt,
803 1960 970 2000 auxilia
998 1961 1176 2002 Graecis
1211 1974 1304 2000 non
1334 1959 1504 2000 misisse
1525 1961 1609 2000 Ge-

293 2017 447 2057 lonem
470 2018 527 2057 ob
554 2017 717 2056 bellum
733 1991 929 2056 Siciliae
949 2029 973 2055 a
995 2015 1156 2057 Poenis
1175 2016 1347 2056 illatum
1362 2013 1609 2057 Amilcare

296 2073 437 2112 duce.
476 2072 636 2125 (165.)
685 2085 774 2123 quo
810 2073 932 2111 bello
972 2070 1115 2111 victus
1150 2069 1367 2112 Amilcar
1401 2070 1606 2123 evanuit,

296 2142 429 2179 quem
455 2136 681 2167 mortuum
710 2126 875 2167 divinis
900 2126 1148 2167 honoribus
1166 2127 1307 2167 Poeni
1327 2140 1608 2178 prosequun-

294 2184 528 2234 tur.(166.
562 2184 680 2233 167.)
724 2179 981 2240 Corcyraei
1002 2182 1168 2222 auxilia
1188 2182 1366 2223 Graecis
1387 2181 1606 2235 polliciti,

293 2253 374 2293 per
405 2240 561 2278 dolum
590 2238 678 2277 11113
699 2237 910 2278 illudunt.
937 2238 1060 2288 (168.
1073 2236 1092 2290 )

351 2295 620 2338 Cretenses,
656 2293 838 2333 Graecis
871 2306 1003 2356 opem
1038 2293 1152 2333 ferre
1180 2298 1382 2346 paratos,
1417 2293 1608 2333 deterret

295 2352 545 2401 oraculum,
559 2349 750 2389 Minois'
739 2363 848 2388 iram
870 2348 1090 2388 minitans.
1104 2349 1242 2400 (169.)
1262 2350 1357 2388 Hac
1374 2347 1607 2389 occasione

295 2406 438 2446 obiter
461 2404 605 2459 agitur
625 2406 679 2444 de
701 2405 836 2444 caede
852 2401 1060 2448 ffiIinois,
1079 2405 1134 2443 de
1155 2401 1452 2446 Cretensium
1474 2417 1606 2457 expe-

295 2461 465 2502 ditione
490 2462 538 2501 in
558 2460 752 2501 Siculam
774 2461 831 2501 ad
851 2473 948 2501 eam
969 2459 1269 2512 ulciscendam
1296 2466 1522 2512 suscepta3
1551 2460 1606 2500 de
