1752 3042
304 243 391 291 IN
425 243 878 292 HERODOTI
915 243 1066 292 LIB.
1102 245 1243 296 VII.
1337 244 1401 310 69

91 368 221 408 saepe
243 361 397 396 antea:
421 370 514 397 non
538 359 675 409 ὦρμοῖτο
695 363 746 398 ut
773 356 893 397 editi.
913 380 966 388 —
992 355 1138 397 Tenui
1155 357 1277 407 ὅρμητο
1296 369 1399 398 cum

58 454 61 455 ⁷
99 412 250 452 Wess.
276 419 317 451 et
335 410 523 470 Schaef}
543 413 664 463 quod
693 412 842 454 nescio
866 426 922 451 an
944 418 1118 452 tueatur
1138 411 1226 450 Pd.
1261 413 1398 461 ὁρμεῖν·

92 466 149 507 F.
172 467 258 507 Pb.
287 467 365 506 Pe.
389 474 437 507 ut
464 468 573 508 olim
607 469 706 507 edd.
739 469 910 518 ὁρμᾶτο
933 468 1022 508 Ρα.
1090 467 1120 506 Ι.
1142 479 1180 516 4.
1206 465 1398 517 συνήνεικε)

93 522 317 567 ξυνήνεικεΕ
369 523 398 562 l.
417 524 454 563 5.
473 523 520 562 τοὶ
541 522 658 562 πάντα
675 522 714 568 ἕξ
736 539 778 563 τε
798 526 856 561 καὶ
869 523 1042 572 τριήκοντα
1058 521 1158 562 ἔτεσι
1171 520 1189 574 )
1204 520 1397 563 Sicscri-

89 574 161 628 psi
182 589 283 616 cum
303 576 415 618 Ask.
439 584 479 616 et
501 582 652 617 nostro
672 577 727 619 F.
768 578 820 617 Et
840 576 903 616 sic
922 579 990 617 ed.
1007 576 1164 629 steph.
1187 583 1230 616 et
1249 576 1397 616 Gron-

89 628 179 670 nisi
210 633 330 682 quod
354 650 389 671 τε
411 632 637 672 omittunt.
677 633 854 672 Habent
883 640 1031 673 autem
1052 632 1089 678 ἕξ
1112 650 1152 671 τε
1176 635 1235 671 καὶ
1259 630 1397 672 etiam

87 683 235 729 Arch.
262 684 407 726 Vind.
432 695 473 727 et
501 686 611 728 Ald.
637 688 714 727 sed
743 693 907 727 mutata
938 689 1177 728 verborum
1203 686 1316 727 serie
1347 685 1396 726 in

87 742 210 782 hunc
232 744 416 782 modum
433 773 444 794 ,
473 743 520 783 τοὶ
549 742 667 782 mz'vroe
693 741 794 783 ἔτεσι
821 743 859 789 ἕξ
879 761 922 784 τε
946 748 1005 783 καὶ
1036 743 1143 792 τριῆκ.
1173 749 1216 782 et
1238 741 1301 782 sic
1327 741 1395 782 ed·

96 798 246 837 Wess.
271 803 314 836 et
328 811 452 848 seqq.
518 797 548 836 l.
577 799 616 837 8.
643 795 855 849 ἀνεχώρησε)
881 799 1053 849 οἷνεχώρεεν
1069 796 1216 837 Arch.
1249 798 1300 836 V
1297 794 1395 836 ind.

87 852 211 904 quod
231 853 379 892 laudo.
394 853 548 893 Wssss.
565 874 616 882 -
641 854 731 891 Nec
748 852 914 893 invitus
936 860 1081 893 tamen
1097 866 1195 892 cum
1213 848 1392 908 Schaqfss

85 906 211 946 tenui
244 908 496 961 vulgatum,
530 907 576 946 in
613 909 735 959 quod
767 909 1050 949 consentiunt
1082 907 1242 947 caeteri
1274 906 1393 949 libri.

87 961 117 1001 l.
139 976 178 1013 9.
196 963 341 1012 Ξέρξεα)
366 965 479 1010 Ξέρξην
499 964 554 1003 F.
578 970 619 1002 et
641 962 702 1002 sic
732 963 906 1003 deinde.

142 1016 289 1058 CAP.
311 1018 368 1058 V.
395 1016 505 1058 Lin.
535 1021 570 1060 3.
599 1019 675 1060 ‘riv
699 1017 887 1071 στρατιῆς)
915 1019 1048 1058 Abest
1077 1018 1136 1061 τῆν
1160 1018 1216 1058 F.
1236 1017 1321 1059 Pb.
1351 1023 1396 1057 et

87 1073 261 1122 στρατηῗῆς
287 1074 439 1113 Scribit
465 1073 551 1115 Pb.
606 1070 729 1114 Ibid.
754 1073 886 1125 ἄγερσιν
913 1072 1071 1116 Paris.
1091 1071 1151 1114 A.
1168 1074 1224 1114 B.
1250 1076 1391 1125 [puto

83 1124 494 1180 Paris.quacuor]
523 1135 564 1168 et
591 1128 728 1168 editio
748 1129 904 1169 Genev.
932 1132 1050 1172 1618.
1071 1126 1258 1183 [nempe
1279 1131 1393 1168 haec

84 1195 138 1222 ex
163 1182 311 1224 Porti
337 1184 555 1233 coniect.]
586 1183 730 1224 Ceteri
760 1183 900 1235 ἔγερσιν.
918 1208 973 1216 ——
997 1184 1067 1224 Sic
1084 1185 1141 1226 F·
1163 1197 1264 1223 cum
1282 1183 1393 1225 Ald.

82 1243 128 1277 et
149 1237 262 1277 aliis.
298 1239 426 1279 Conf.
447 1253 482 1278 c.
502 1241 554 1288 48
574 1246 680 1279 extr.
753 1239 781 1278 l.
802 1252 842 1289 4.
865 1241 944 1291 παρ’
967 1240 1064 1293 αὖτῷ
1086 1238 1233 1280 Arch.
1258 1239 1392 1279 Pass.

89 1292 144 1334 V
140 1290 236 1334 ind.
260 1292 414 1334 Paris.
424 1294 482 1335 A.
496 1294 550 1334 B.
571 1295 646 1342 [F.
665 1295 781 1335 Par.
796 1292 985 1346 omnes-J
1014 1296 1155 1333 Antea
1168 1296 1246 1345 παρ’
1267 1296 1394 1345 ἑωϋτῷ.

80 1372 136 1380 —
153 1350 275 1399 quod
297 1357 339 1389 et
358 1350 503 1389 Gron.
531 1356 742 1390 tenuerat.
805 1349 835 1389 l.
860 1351 895 1388 5.
925 1351 1047 1400 Ξέρξῃ)
1071 1351 1189 1400 Ξέρξεω
1221 1349 1393 1390 Galeas

83 1403 186 1443 citat
212 1417 265 1444 ex
289 1404 437 1445 Areh.
466 1406 587 1456 quod
614 1418 696 1460 ego
726 1411 951 1444 enotatum
979 1418 1072 1444 non
1095 1403 1245 1443 video.
1278 1406 1394 1455 Ξέρξου

87 1457 235 1500 Vind.
263 1459 394 1499 Conf.
417 1474 453 1500 c.
475 1462 540 1500 82.
557 1461 774 1500 WEss.-
811 1460 1054 1514 Vulgatum
1081 1465 1230 1499 tenent
1253 1459 1395 1499 nostri

83 1515 215 1555 codd.
272 1516 301 1554 l.
330 1530 368 1567 7.
394 1515 512 1561 οἶκός
536 1518 604 1556 ἔστι
627 1514 784 1568 scripsi
815 1529 915 1555 cum
933 1515 1094 1556 RPa.
1116 1515 1199 1555 Pe.
1241 1515 1390 1569 Vulgo

82 1570 170 1615 ιῖκός
193 1573 276 1611 ἔστι.
337 1570 410 1610 Ib.
434 1571 552 1610 πολλοὶ
579 1570 680 1624 23‘8n)
704 1571 821 1611 πολλοὶ
846 1570 888 1614 3⁷}
906 1571 1041 1611 Pass.
1058 1569 1169 1610 Ask.
1192 1590 1246 1597 -
1277 1576 1319 1610 et
1334 1571 1392 1611 Ε

80 1625 172 1666 Pa.
204 1624 304 1666 Nec
319 1625 378 1670 δή,
407 1639 490 1665 nec
512 1626 588 1670 ἥδη,
614 1624 813 1681 agnoscit
828 1627 914 1667 Pe.
982 1626 1011 1665 l.
1039 1628 1077 1666 8.
1102 1625 1226 1671 δίκας
1244 1625 1390 1666 Arch.

88 1677 229 1720 Vind.
246 1695 328 1720 nec
343 1693 559 1734 prave.--
588 1679 824 1734 Adoptavi
840 1684 927 1721 hoc
948 1695 1049 1722 cum
1065 1677 1247 1737 Schaef.
1276 1680 1391 1724 δίκην

79 1735 148 1776 ed.
169 1737 318 1777 Wess.
340 1750 442 1776 cum
459 1735 571 1776 aliis.
629 1738 658 1777 l.
682 1743 702 1778 8
719 1750 807 1789 seq.
829 1738 927 1777 α’λλοὶ
948 1738 988 1778 τέ
1009 1741 1067 1782 μὲν
1087 1734 1173 1790 νῦν)
1201 1737 1283 1776 ἀλλ’
1305 1738 1330 1776 εἰ
1348 1737 1390 1777 ro*

80 1795 140 1836 μὲν
158 1794 212 1830 νῦν
224 1791 349 1832 Med.
361 1790 474 1832 Ask.
490 1793 625 1832 Pass.
643 1793 728 1841 [F.
744 1791 862 1841 Pb.]
884 1805 966 1844 pro
986 1804 1076 1844 quo
1093 1798 1174 1831 stat
1192 1792 1391 1832 Gronov.

78 1846 266 1900 [nempe
287 1850 313 1888 εἶ
327 1847 526 1900 optative
545 1848 786 1900 accipiens,
810 1845 1038 1896 utinam]
1063 1848 1323 1887 Ceterorum
1338 1861 1392 1886 ex

78 1913 242 1956 magno
258 1916 473 1943 consensu
497 1903 596 1942 α’λλοὶ
612 1905 654 1944 ro*
673 1902 852 1954 reduxi,
868 1901 1189 1955 significantius
1209 1901 1392 1955 quippe.

81 1955 110 1995 I.
141 1971 182 2008 9.
211 1963 304 2007 χερσὶ
330 1958 442 1998 Ask.
470 1964 519 1997 ut
541 1959 653 1998 solet
676 1958 876 2011 scriptor.
908 1962 1017 2009 χερσὶν
1042 1959 1207 2010 plures.
1233 1981 1288 1988 —
1320 1957 1393 1998 Sic

77 2024 199 2053 nunc
213 2015 269 2054 F.
326 2014 356 2053 l.
377 2028 438 2052 ιι.
459 2015 562 2058 λόγος
579 2018 622 2053 τέ
645 2033 679 2055 σε
700 2013 808 2054 Ald.
826 2014 951 2055 Med.
973 2014 1023 2054 V
1022 2011 1119 2053 ind.
1133 2013 1392 2054 Ask-Pass.

77 2066 224 2108 Arch.
254 2070 340 2118 [F.
354 2066 546 2116 Paris.]
579 2069 750 2109 Excidit
774 2088 809 2110 τε
829 2069 1022 2109 aliorum
1037 2068 1393 2125 negligentia.—

78 2121 251 2177 Nempe
271 2124 319 2164 in
335 2124 491 2178 Steph.
507 2124 574 2164 ed.
600 2139 633 2163 ι.
650 2126 808 2165 vocula
828 2143 864 2164 σε
885 2125 1124 2176 exciderat,
1146 2131 1236 2164 tum
1260 2125 1306 2164 in
1323 2125 1391 2165 ed.

77 2188 119 2218 2.
145 2187 208 2220 est
231 2180 332 2225 λόγις
356 2197 415 2231 σε,
447 2181 613 2231 absque
642 2195 701 2221 τεε
729 2179 852 2221 etsie
877 2182 945 2220 ed.
965 2179 1202 2238 [ungerem.
1223 2187 1265 2220 et
1289 2181 1391 2221 Gal.

78 2233 109 2273 l.
131 2235 232 2277 13.o‘
259 2233 390 2287 λόγος)
425 2234 566 2275 Abest
590 2236 713 2276 artic.
740 2235 887 2277 Arch.
913 2233 1050 2276 Vind.
1117 2237 1145 2275 l.
1173 2248 1235 2284 ¹4·
1254 2239 1333 2276 τοῦ
1351 2236 1391 2277 δὲ

79 2288 217 2343 λόγου)
241 2290 334 2330 τοῦδε
358 2289 389 2329 δὲ
414 2293 475 2330 ‘tofi‘
497 2290 602 2335 λέγον
627 2292 751 2332 Med·
770 2291 880 2332 Ask.
904 2291 1040 2333 Pas-5.
1067 2293 1141 2339 [et
1160 2292 1215 2331 Ε
1241 2291 1390 2331 nescio

79 2357 134 2384 an
150 2345 335 2387 Pc.Pd.
362 2344 436 2385 Sic
455 2358 560 2384 vero
577 2346 642 2387 ed.
666 2349 816 2387 Wess.
838 2354 878 2386 et
893 2361 1016 2399 seqq.
1040 2361 1140 2387 cum
1156 2348 1302 2387 Gron.
1323 2347 1393 2386 me'

78 2413 168 2440 non
193 2398 454 2454 probantem]
485 2401 537 2439 In
563 2401 661 2442 aliis
685 2403 842 2443 τούτου
871 2401 902 2442 δὲ
930 2405 993 2443 roff
1018 2403 1101 2447 M'y.
1132 2424 1176 2432 --
1207 2401 1279 2442 Sic
1303 2403 1392 2443 Pa.

77 2469 177 2496 cum
198 2456 308 2497 Ald.
330 2462 370 2496 et
388 2455 510 2505 aliis;
532 2459 654 2507 quod
678 2471 768 2497 non
793 2456 1068 2510 displiceret,
1094 2456 1130 2498 si
1156 2459 1292 2510 paulo
1315 2472 1392 2497 an-

79 2516 143 2563 te,
165 2525 248 2565 pro
266 2508 377 2557 Οὗτος
396 2517 479 2564 μὲν,
495 2512 717 2565 legeretur
738 2513 841 2553 Οὕτω
862 2515 936 2560 μέν.
965 2511 1183 2564 Equidem
1200 2513 1247 2552 id
1269 2513 1394 2566 dedi,
